2740 4661
1098 242 1292 383 a511

198 426 637 565 eademque
656 467 940 560 fuerit,
985 466 1177 542 inde
1221 467 1380 570 jam
1431 469 1826 589 sequitur,
1872 492 1966 548 ut
1994 470 2294 557 immu-

197 571 394 645 nitas
447 571 620 657 illa,
674 594 841 684 qua
888 573 1372 688 professores
1418 599 1516 648 ac
1564 574 1852 650 medici
1904 583 2288 677 gaudent,

198 672 650 771 diligentius
712 671 1138 771 aliquanto
1206 672 1423 751 infra
1477 675 1943 753 definienda
2001 700 2086 755 et
2141 685 2288 756 de-

196 776 608 853 scribenda
656 773 776 849 sit.

395 899 466 948 2·
518 875 586 949 Ii
607 926 629 968 ,
677 874 821 972 qui
870 875 958 949 in
995 876 1400 953 auditorio
1442 840 1768 979 publico
1814 879 2031 956 urbis
2071 881 2295 955 Con·

196 977 952 1076 stantinopolitanae
1010 981 1544 1095 professorum
1603 983 2060 1097 funguntur
2109 979 2291 1055 offi-

196 1081 352 1171 cio,
416 1102 672 1176 quum
721 1084 835 1171 ad
876 1078 1167 1197 viginti
1217 1106 1472 1157 annos
1521 1084 2075 1161 observatione
2120 1081 2295 1200 jugi

198 1208 317 1258 ac
332 1183 609 1255 sedulo
658 1183 1017 1273 docendi
1046 1185 1333 1271 labore
1368 1185 1925 1301 pervenerint,
1963 1185 2296 1261 codicil-

200 1283 292 1357 lis
340 1282 787 1361 comitivae
811 1282 1109 1359 ordinis
1158 1285 1395 1385 primi
1456 1313 1574 1361 ex
1597 1289 1709 1359 le
1722 1311 1835 1388 ge
1884 1291 2287 1376 honoran-

193 1409 347 1464 tur.
418 1386 551 1465 L.
584 1384 782 1461 unic.
816 1379 897 1458 C·
941 1386 1219 1459 Theod.
1247 1389 1568 1486 deprof.
1600 1389 1730 1484 qui
1765 1391 1845 1460 in
1885 1368 2067 1459 urbe
2096 1385 2291 1462 Con-

195 1499 426 1562 stant.
472 1489 632 1562 doc.
675 1510 766 1557 ex
805 1488 967 1579 lege
1006 1508 1335 1561 met-uer·
1369 1490 1614 1561 comit.
1664 1491 1750 1562 V
1739 1491 1808 1563 I
1839 1510 1881 1559 2
1898 1512 1961 1564 1.
1998 1491 2052 1563 l.
2092 1490 2291 1566 unic.

198 1585 279 1664 C.
299 1589 493 1662 Just.
518 1589 680 1662 eod.
724 1582 911 1661 XII·
952 1584 1069 1665 15.
1163 1588 1299 1661 De
1336 1587 1752 1669 archiatris
1791 1592 1928 1662 lex
1968 1589 2295 1685 quidem

193 1689 503 1781 deficit,
551 1710 764 1784 quae
812 1685 1162 1801 ejusdem
1207 1689 1307 1772 sit
1319 1688 1831 1803 argumenti3
1878 1689 2297 1765 nihilomi-

191 1817 343 1865 nus
389 1814 590 1866 vero
638 1788 1065 1865 comitivae
1115 1790 1587 1892 dignitatem
1635 1812 1717 1867 et
1753 1789 1992 1891 primi
2044 1814 2127 1867 et
2174 1818 2299 1869 se-

192 1891 441 1969 cundi
512 1889 812 1966 ordinis
874 1911 1043 1968 tam
1104 1898 1386 1968 crebro
1437 1892 1852 1971 archiatris
1920 1892 2300 2008 palatinis
2415 1953 2428 1958 ,

188 1992 461 2070 datam
514 2019 716 2081 esse,
788 2013 885 2067 ut
945 2020 1059 2068 ea
1094 2019 1217 2069 res
1263 2001 1596 2070 tandem
1639 1993 1731 2068 in
1779 1994 2300 2070 consuetudi-

189 2121 379 2170 nem
430 2093 728 2185 abiret,
795 2094 979 2169 satis
1032 2117 1396 2209 constat3
1451 2094 1704 2211 quid?
1785 2102 2009 2193 quod
2060 2095 2296 2169 multi

189 2194 574 2273 archiatri
627 2195 827 2270 sacri
844 2194 1162 2296 palatii
1207 2202 1312 2271 ad
1332 2196 1678 2371 majLoris
1725 2202 1995 2271 adhuc
2031 2196 2296 2298 digni·
2367 2284 2372 2288 ⁸

192 2298 380 2374 tatis
424 2302 768 2399 gradum
818 2298 1079 2375 evecti
1143 2319 1357 2377 sunt.
1488 2301 1584 2371 L.
1655 2296 1769 2374 16.
1830 2322 1941 2396 ι7.
1998 2302 2115 2376 ι8.
2186 2323 2299 2398 ι9.

191 2399 381 2476 Cod.⁸
410 2403 684 2474 meod.
712 2399 804 2470 de
830 2403 1027 2476 med.
1056 2413 1131 2472 et
1149 2401 1364 2499 prof·
1392 2397 1603 2474 XIII·
1619 2403 1693 2477 3.
1721 2424 1894 2476 oum
1925 2425 2301 2473 commen-

184 2503 416 2576 larii-5
457 2502 631 2574 Jaca
671 2501 1121 2602 Gothofredi
1162 2505 1364 2584 Tom.
1395 2504 1501 2576 7.
1532 2529 1615 2600 Ρ
1652 2497 1986 2580 52—55·
2081 2501 2302 2574 Illud

184 2608 445 2682 solum
498 2609 659 2686 huc
703 2603 1111 2700 pertinere
1162 2601 1489 2678 videtur
1510 2656 1532 2696 ,
1584 2606 1811 2701 quod
1851 2604 2304 2709 Imperator

183 2703 698 2778 Theodosius
745 2701 1016 2803 junior
1065 2707 1166 2780 de
1217 2703 1628 2779 archiatris
1677 2693 2059 2805 palatinis
2102 2703 2192 2776 in
2242 2707 2303 2781 l.

179 2808 416 2881 unica
440 2808 528 2892 C.
569 2807 705 2896 ἸῚι.
724 2809 818 2876 de
850 2804 1237 2877 comitibus
1279 2819 1355 2877 et
1397 2806 1811 2879 archiatris
1838 2830 2043 2879 sacri
2029 2806 2299 2904 pala·-

182 2910 283 2980 tii
309 2906 414 2984 V·
440 2906 553 2984 16.
585 2905 1040 2982 constituit.
1116 2904 1687 2999 „Archiatros
1667 2927 1881 2994 intra
1903 2907 2302 3005 palatium
2339 2913 2340 2916 ’
2400 2971 2412 2981 .

134 3075 143 3082 ,
181 3007 625 3084 militantes
675 3008 738 3083 si
789 3007 1212 3083 comitivae
1235 3002 1503 3123 primi
1555 3008 1856 3085 ordinis
1920 3006 2295 3082 nobilita·

181 3111 404 3187 verit
459 3115 753 3226 gradus
773 3163 795 3204 ,
896 3110 1108 3184 inter
1170 3108 1510 3188 vicarios
1576 3111 1841 3184 taxari
1898 3107 2303 3224 praecipi-

180 3238 416 3328 mus,
484 3211 651 3289 sive
709 3209 870 3313 jam
927 3210 1240 3327 pridem
1301 3215 1845 3308 deposuerunt
1914 3210 2306 3301 militiam,
2355 3295 2358 3296 ⁷

178 3315 358 3392 sive
410 3336 690 3415 postea
741 3312 1301 3430 deposuerint,
1383 3312 1501 3386 ita
1547 3334 1644 3387 ut
1693 3312 1907 3388 inter
1958 3308 2302 3424 vicarios

114 3493 119 3496 ,
175 3435 267 3491 et
311 3420 588 3531 duces,
641 3414 785 3514 qui
811 3412 1583 3508 administraverint,
1634 3435 1717 3489 et
1760 3421 1939 3504 hos,
1989 3410 2133 3509 qui
2159 3435 2303 3483 co-

173 3516 549 3594 mitivam
598 3517 836 3618 primi
888 3517 1187 3620 ordinis
1236 3517 1720 3611 meruerint,
1794 3514 2028 3596 nihil
2052 3512 2305 3607 inter-

174 3617 333 3710 sit,
382 3619 536 3693 nisi
565 3640 915 3719 tempuS,
967 3643 1135 3717 quo
1186 3618 1397 3734 quis
1417 3612 2118 3706 administraverit,
2169 3616 2305 3690 vel

171 3720 614 3798 comitivae
663 3743 779 3797 est
824 3720 1201 3822 indeptus
1249 3719 1627 3822 insignia.
1638 3723 1688 3766 ‘⁴
1792 3715 2193 3798 comment.
2232 3716 2305 3789 J.

174 3824 541 3916 Gothofr.
576 3827 690 3898 ad
714 3825 913 3898 hanc
957 3824 1416 3902 1.Tom.11.
1457 3851 1543 3923 Ρ.
1588 3818 1974 4008 xo604137·
2072 3817 2310 3894 Cete·
2391 3919 2396 3924 ι
