2740 4661
1181 261 1288 337 1-’7

184 468 428 546 titulo
479 470 823 548 medicos
875 495 957 547 et
1001 477 1477 572 professores
1546 501 1734 554 mox
1783 498 2274 578 postponen-

181 595 304 647 tes
356 574 573 664 illos,
632 598 818 647 mox
866 597 1448 674 anteponentes
1501 576 1998 677 conjunxere
2038 599 2119 655 et
2169 585 2279 654 al·-
2341 646 2344 647 γ

182 697 447 748 terum
525 664 885 747 oidinem
958 701 1140 749 cum
1226 681 1481 752 altero
1556 678 1787 752 simul
1863 682 2278 754 nominare

186 781 472 851 solent.
590 775 892 871 Quodsi
955 777 1195 878 igitur
1255 803 1427 851 non
1506 805 1637 852 eos
1703 785 2042 853 honores
2102 806 2280 878 spe·-

188 899 516 967 ctemus,
560 875 852 971 quibus
879 876 1278 951 interdum
1305 879 1596 980 singuli
1616 883 2093 978 professores
2140 904 2283 955 aut

186 975 477 1050 medici
527 972 924 1053 exornati·
944 986 1170 1072 sunt,
1230 982 1489 1053 veluti
1537 1002 1878 1055 statuam
1926 980 2285 1055 Antonio

186 1079 468 1151 Musae
515 1078 852 1176 positam
901 1100 982 1153 et
1024 1077 1148 1179 jus
1200 1106 1640 1155 aureorum
1648 1086 2131 1155 annulorum
2169 1084 2286 1155 ei-

191 1184 374 1251 dem
399 1183 673 1254 datum
699 1182 991 1255 Sueten.
1021 1181 1227 1275 Aug.
1256 1208 1320 1251 c·
1339 1177 1460 1280 59.
1490 1185 1647 1254 Dio
1675 1184 1887 1254 Cass.
1908 1187 2007 1257 L.
2036 1187 2284 1257 LIII.

193 1306 264 1356 c.
290 1284 413 1354 31.
427 1283 546 1350 ed.
558 1282 904 1355 Reimar.
931 1283 1101 1355 Vol.
1124 1285 1192 1356 I.
1171 1309 1309 1394 .p·
1329 1279 1548 1374 725:⁹
1595 1286 1728 1355 sed
1755 1283 2021 1380 potius
2047 1285 2281 1359 favo-

190 1406 363 1456 rem
402 1379 666 1470 illum,
718 1380 863 1477 qui
900 1379 1288 1455 universis
1330 1380 1738 1454 ordinibus
1772 1384 2112 1457 tributus
2142 1405 2284 1475 est,

192 1488 476 1556 eadem
509 1483 675 1555 fere
713 1481 1130 1589 utriusque
1169 1479 1486 1557 ordinis
1507 1482 1855 1588 conditio
1891 1482 2127 1569 {juisse
2155 1484 2288 1561 vi-

175 1589 459 1657 detur.
1110 1632 1117 1637 -

395 1684 576 1766 Jam
625 1710 849 1758 vero
881 1707 1104 1759 nunc
1164 1688 1267 1756 de
1328 1683 1655 1784 singulis
1722 1647 2186 1784 disciplinis
2208 1707 2290 1762 et

201 1784 502 1861 artibus
552 1805 634 1858 et
658 1786 936 1899 ‘primo
983 1789 1164 1859 loco
1215 1792 1315 1857 de
1364 1785 1996 1886 grammatica
2047 1787 2291 1862 disse-

201 1891 541 1973 rendum
566 1886 740 1960 erit.
836 1889 961 1962 Ita
1010 1887 1345 2000 quidem
1388 1912 1482 1960 ea
1509 1889 1832 1985 proprie
1860 1911 2290 1987 nuncupa-

196 2009 333 2061 tur
383 1987 832 2086 disciplina,
908 2012 1117 2086 quae
1173 1986 1602 2061 rationem
1625 2008 1841 2062 recte
1901 1989 2293 2104 loquendi

205 2095 473 2179 docet,
521 2095 740 2164 unde
785 2088 1367 2189 grammaticus
1388 2089 1451 2161 is
1506 2089 1835 2180 dicitur,
1885 2091 2028 2185 qui
2078 2091 2290 2164 eirca

205 2215 481 2265 curam
508 2192 877 2265 sermonis
906 2212 1293 2265 versatur.
1401 2191 1842 2300 Quintilian.
1869 2194 1982 2263 II.
2026 2216 2082 2261 ι.
2121 2192 2286 2262 ι-6.

207 2293 457 2365 Senec.
502 2295 746 2389 Epist.
775 2296 894 2368 88.
995 2292 1150 2365 Sed
1196 2289 1780 2404 grammaticam
1827 2293 2046 2363 ultra
2089 2289 2310 2364 fines

205 2420 388 2470 suos
433 2416 895 2492 provectam
917 2390 1104 2483 esse',
1155 2391 1699 2487 Quintilianus
1736 2394 1928 2466 loco
1960 2395 2290 2466 laudato

208 2495 607 2595 queritur,
690 2520 940 2591 quum
1000 2493 1372 2568 adsumtis
1417 2502 1848 2609 poetarum
1880 2492 2295 2568 historico-

208 2620 551 2712 rumque
603 2596 901 2671 viribus
951 2616 1268 2693 praeter
1290 2597 1683 2670 rationem
1705 2615 1918 2668 recte
1948 2598 2294 2691 loquent-

211 2698 296 2772 di
346 2724 515 2771 non
562 2723 848 2812 parum
897 2696 1201 2794 alioqui
1251 2697 1682 2795 copiosam,
1742 2721 1993 2795 prope
2048 2697 2296 2771 omni·

211 2825 352 2872 um
442 2798 961 2890 maximarum
1038 2797 1330 2912 arotium
1423 2798 1829 2872 scientiam
1926 2802 2316 2897 amplexa·

213 2900 353 2991 sit,
429 2922 513 2973 et
571 2885 871 2975 Seneca
917 2900 1041 2973 ad
1071 2898 1246 3012 ejus
1294 2899 1767 2974 sententiam
1815 2902 2125 2974 accedit
2173 2899 2295 2972 di-

214 3007 515 3077 cendo:
565 3003 1160 3116 „grammaticus
1184 3026 1390 3074 circa
1416 3025 1674 3074 curam
1703 3000 2076 3114 sermonis
2104 3026 2305 3077 ver-⁴

213 3126 440 3219 satur
493 3124 574 3177 et
622 3130 685 3177 si
730 3103 966 3178 latius
1017 3101 1339 3203 evagari
1387 3106 1600 3189 vult,
1652 3100 1864 3176 circa
1914 3103 2303 3193 historias,

218 3202 381 3317 jam
419 3226 514 3278 ut
549 3202 993 3305 longissime
1016 3204 1210 3288 fines
1243 3228 1419 3278 suos
1445 3205 1832 3317 proferat,
1882 3205 2089 3278 circa
2117 3229 2322 3278 car-·

219 3331 465 3380 nuna-
468 3309 514 3350 “
627 3304 1086 3405 Appellatio
1148 3305 1703 3419 grammaticae
1765 3328 1845 3379 et
1909 3328 2298 3420 gramma·
2345 3364 2352 3370 .

222 3407 564 3481 ticorum
604 3407 913 3481 Graeca
960 3405 1535 3480 consuetudine
1584 3405 1965 3499 invaluit3
2015 3407 2103 3476 in
2129 3403 2302 3479 La·-
2353 3441 2359 3449 ·

218 3508 485 3586 tinum
512 3511 1066 3584 transferentes
1093 3508 1310 3583 illam
1332 3507 1895 3599 litteraturam,
1943 3512 2084 3579 hos
2108 3530 2303 3583 vero

200 3608 613 3692 ,litteratos
664 3613 831 3687 sive
880 3610 1117 3685 etiam
1143 3610 1619 3686 litteratores
1643 3630 2175 3700 vocaverunt,
2225 3629 2307 3681 et

219 3711 784 3810 posterioribus
845 3725 1170 3810 quoque
1233 3712 1560 3792 saeculis
1620 3709 2109 3822 promiscuus
2158 3734 2314 3823 vo3

220 3836 409 3890 cum
434 3814 766 3894 illarum
815 3839 1002 3890 usus
1050 3812 1229 3889 fuit.
1332 3815 1537 3889 Nam
1586 3835 1694 3888 et
1717 3833 2131 3911 scrlptores
2158 3810 2324 3888 111-

132 3935 141 3943 .
674 3931 679 3936 .
1870 3940 1914 3990 2
