2740 4661
1304 197 1428 270 ·8.·

350 412 525 486 illos
575 416 935 501 doctores
962 411 1260 527 'majori
1309 416 1496 488 fere·
1529 415 1812 499 favore
1874 422 2146 510 quam‘
2176 413 2471 512 phi-lo·-

350 518 638 611 sophos
682 513 1028 612 amplexi
1080 537 1290 591 sunt.
1377 512 1647 615 Igitur
1696 512 1988 588 finibus
2037 516 2462 611 quaestio-
2503 524 2508 529 ’

239 642 243 648 “
347 640 545 689 num
593 620 946 689 mearum
997 617 1417 714 paullatim
1467 615 1864 729 prolatis,
1896 621 1997 689 de
2045 618 2484 732 professo--

348 716 568 807 ιζίὶιιιε
623 736 704 790 et
762 712 1084 805 medicis
1150 742 1591 814 eorumque
1654 716 2092 817 privilegiis
2144 718 2229 789 in
2275 716 2480 812 jure-

351 820 722 893 Romano
752 841 833 891 et
869 802 1567 935 Antejustinianeo
1604 842 1684 891 et
1711 819 2211 899 justinianeo
2258 818 2465 894 seri-

350 923 540 993 bere
595 945 860 1018 pauca
911 921 1323 1012 constitui,
1418 943 1497 993 et
1522 919 1702 1016 jam
1749 920 2125 1033 temporis
2189 945 2472 1020 angu—

264 1070 285 1097 ·
351 1020 549 1096 stiae
607 1044 901 1138 urgent
962 1049 1126 1115 me,
1211 1046 1304 1096 ut
1369 1021 1924 1097 dissertationis
1996 1028 2149 1095 hae
2214 1026 2313 1094 de
2367 1047 2465 1093 re

314 1125 840 1222 ¹perscriptae
902 1149 1073 1196 non
1132 1124 1284 1197 nisi
1346 1130 1658 1222 partem
1718 1122 2056 1220 primam
2107 1120 2465 1196 examini

349 1224 847 1299 eruditorum
905 1225 1264 1300 virorum
1324 1224 1802 1305 submittam.
1916 1222 2462 1301 Nihilominus

352 1351 550 1402 vero
603 1351 802 1425 opus
853 1326 1213 1419 videtur,
1280 1350 1376 1401 ut
1425 1348 1895 1425 conspectus
1962 1325 2465 1425 singularum.

353 1428 603 1504 totius
653 1428 1342 1503 commentationis
1392 1430 1740 1528 partium
1792 1450 1872 1500 et
1923 1431 2285 1500 hocloco
2314 1433 2462 1498 de-

304 1556 307 1562 ‘
357 1551 518 1604 tur.
616 1529 972 1603 Primum
1022 1530 1268 1628 igitur
1317 1532 1461 1626 qui
1510 1530 1678 1602 sint
1716 1531 1974 1602 fontes
2020 1526 2273 1625 hujus
2273 1555 2476 1600 ma·-

230 1712 235 1723 ,
286 1696 291 1699 .
357 1629 632 1720 teriae,
684 1653 896 1726 quae
948 1629 1295 1704 subsidia
1332 1629 1745 1722 litteraria,
1794 1629 2054 1704 brevis
2084 1631 2461 1703 facienda

359 1729 517 1804 erit
549 1731 1053 1823 enunciatio3
1099 1731 1385 1830 paucis·
1428 1732 1719 1817 deinde
1768 1736 1868 1804 de
1918 1730 2161 1819 initiis
2209 1752 2288 1803 et
2330 1730 2464 1801 in·-

359 1832 779 1907 crementis
807 1833 1255 1906 liberalium
1286 1834 1882 1933 disciplinarum
1911 1832 2272 1930 artisque
2285 1857 2464 1904 me·-

359 1933 592 2009 dicae
640 1941 863 2033 apud
909 1937 1318 2010 Romanos
1363 1935 1835 2035 praemissis,
1887 1939 1986 2008 de
2036 1933 2274 2008 variis
2303 1957 2457 2005 no-

359 2034 705 2110 minibus
753 2057 835 2109 et
883 2037 1328 2151 generibus
1352 2039 1898 2151 professorum
1932 2038 2463 2109 medicorum·-

256 2134 261 2147 '
363 2162 565 2236 que
589 2137 1132 2213 disserendum
1205 2137 1379 2211 erit.
1480 2139 1623 2210 His
1685 2135 2161 2210 enumeratis
2189 2158 2459 2231 atque

361 2239 755 2339 exemplis
817 2240 1058 2313 etiam
1123 2239 1436 2339 aliquot
1498 2238 1933 2314 severitatis
2012 2238 2098 2311 in
2159 2240 2470 2353 profes*

361 2368 572 2420 sores
619 2342 1067 2415 litterarum
1117 2343 1476 2441 inprimis
1526 2339 1921 2420 exercitae
1960 2339 2253 2431 allatiS,
2305 2338 2464 2438 jam

363 2449 471 2519 ad
495 2442 923 2545 privilegia
948 2444 1274 2541 utrique
1301 2445 1575 2545 generi
1599 2444 1930 2537 indulta,
1977 2444 2223 2542 digna
2243 2444 2464 2514 haud

272 2557 277 2560 ’
365 2548 646 2634 dubie,
694 2568 908 2645 quae
949 2547 1463 2641 prae'eeteris
1505 2547 1645 2617 hic·
1671 2566 2155 2634 tractentur
2195 2565 2461 2616 trans-.-
2539 2567 2578 2614 Α

363 2645 842 2759 grediemur.
944 2646 1326 2745 Denique
1386 2668 1690 2721 restant
1756 2645 2285 2735 conditioneS,
2357 2668 2463 2715 ex

371 2746 667 2846 quibus
709 2770 894 2819 usus
954 2773 1018 2819 sl
1082 2773 1253 2821 non
1274 2748 1744 2850 omnium,
1776 2770 2053 2821 tamen
2104 2769 2464 2843 quorun-

373 2854 561 2921 dam
609 2852 895 2922 horum
939 2833 1544 2949 privilegiorum
1593 2852 2030 2948 pendebat3
2084 2871 2282 2943 quas
2326 2845 2464 2943 qui

367 2971 591 3024 reete
638 2953 1035 3028 illustrare
1085 2953 1338 3043 velit‚
1389 2977 1750 3051 quamus
1814 2976 1993 3022 eum
2056 2950 2470 3046 epistolam
2531 2977 2534 2978 *

370 3042 773 3126 Antonini
824 3051 948 3123 Pii
999 3056 1098 3126 de
1142 3054 1714 3159 professoribus
1781 3057 1863 3125 et
1913 3052 2230 3125 medicis
2288 3054 2343 3121 l
2394 3049 2463 3123 6.

344 3154 443 3250 '§.
501 3177 569 3225 2.
620 3178 692 3251 7.
738 3156 854 3244 D·
895 3156 989 3228 de
1037 3170 1368 3229 excusat.
1387 3209 1410 3248 ‚
1464 3179 1673 3251 quae
1713 3154 2113 3228 communi
2146 3151 2462 3249 quidem

375 3252 615 3329 Asiae
686 3253 1011 3352 scripta,
1099 3261 1233 3329 sed
1297 3256 1447 3331 toti
1509 3257 1684 3330 orbi
1743 3251 2106 3330 'Romano
2171 3277 2463 3327 conve-

373 3357 604 3460 niens
667 3382 719 3431 a
777 3354 1348 3454 jurisconsultis
1416 3357 1710 3431 habita*
1752 3380 1905 3450 est,
1980 3354 2464 3456 potissimum

373 3481 573 3556 prae
621 3460 869 3533 oeulis
920 3459 1219 3533 habere*
1265 3479 1651 3559 oporteat:
1700 3458 1969 3531 tamen
2018 3460 2235 3531 haud
2285 3456 2461 3529 alie-

375 3583 576 3633 num
624 3588 678 3633 a
719 3585 808 3635 re
857 3559 1299 3655 videbitur,
1382 3562 1574 3637 alias
1624 3560 1862 3636 etia-m
1911 3564 2298 3655 quasdam
2345 3562 2459 3630 le·—

351 3686 550 3760 *ges,
597 3671 810 3758 (fuae
860 3663 948 3737 in
997 3662 1238 3739 simili
1285 3679 1755 3764 argumento
1804 3683 2261 3750 versantur,
2312 3664 2482 3768 hoo

346 3784 771 3864 postremo
819 3770 1020 3843 loco
1047 3764 1462 3869 respicere.

170 3860 173 3864 >
236 3841 249 3870 1

132 4315 373 4449 ff*
468 4343 677 4450 *a

678 4535 679 4538 =

618 4567 691 4592 &⁸⁷
