2740 4661
212 462 564 580 praediti
614 479 807 572 sint,
880 480 1239 579 exceptis
1286 478 1617 556 notariis
1666 442 1749 555 et
1796 470 2155 576 medicis,
2212 504 2314 560 ·et

210 585 745 656 masculorum
808 602 891 657 et
951 577 1431 656 feminarum
1493 581 1840 700 pretium
1901 608 2155 682 usque
2203 591 2313 661 ad

207 682 550 784 triginta
598 683 884 759 solidos
933 683 1382 786 redigatur3
1457 685 1582 760 sin
1631 707 1900 760 autem
1947 685 2308 763 notarius
2374 684 2380 701 ’

208 785 312 859 sit
363 787 499 858 vel
544 785 1012 879 medicus,
1060 787 1227 863 sive
1275 790 1705 879 masculus,
1773 788 1941 863 sive
1988 787 2342 889 femina,

205 886 571 960 notat-ius
624 885 949 983 quidem
997 909 1257 987 usque
1305 895 1409 963 ad
1459 888 2092 1005 quinquaginta,
2138 913 2310 963 me·

207 987 435 1063 dicun
487 1011 751 1061 autem
801 1012 1058 1086 usque
1105 994 1211 1065 ad
1270 990 1688 1093 sexaginta
1751 1010 2158 1085 taxetur3
2157 989 2310 1066 sin

206 1115 405 1166 vero
457 1089 809 1169 eunuchi
838 1091 995 1165 sint
1020 1090 1228 1169 servi
1260 1116 1748 1186 communes,
1796 1099 2129 1185 majores
2163 1097 2309 1166 de·

208 1218 383 1267 cem
414 1189 704 1283 annis,
757 1190 818 1265 si
869 1191 1196 1291 quidem
1249 1193 1420 1269 sine
1471 1215 1644 1268 arte
1693 1194 1885 1287 sint,
1934 1195 2021 1267 in
2071 1192 2364 1309 quin·

208 1294 607 1396 quaginta
655 1289 942 1368 solidos
993 1316 1597 1395 computentur,
1665 1295 1728 1371 si
1794 1317 2060 1370 autem
2110 1295 2364 1369 arti-

106 1474 111 1485 ,
211 1396 442 1489 sicea,
514 1419 769 1491 usque
820 1400 917 1470 ad
967 1397 1500 1500 septuaginta.
1613 1398 1899 1495 Itaque
1950 1396 2312 1495 exceptis

209 1498 469 1571 solum
517 1497 943 1588 eunuchis,
1004 1523 1346 1596 quorum
1394 1496 1669 1598 pretiis
1718 1522 1986 1573 cetera
2035 1498 2309 1574 omnia

207 1599 433 1673 nefas
482 1602 703 1672 dictu
755 1597 1137 1674 inferiora
1184 1621 1407 1692 sunt,
1467 1599 1754 1674 medici
1800 1600 2127 1673 maximi
2170 1625 2310 1676 ae·

130 1752 173 1791 μ
205 1699 631 1777 stimantur
675 1723 757 1775 et
805 1699 893 1773 in
944 1700 1102 1775 alia
1149 1723 1478 1801 quoque
1526 1700 1962 1784 justiniani
2011 1702 2308 1816 consti-

212 1803 564 1890 tutione,
625 1826 793 1900 qua
840 1807 940 1876 de
991 1803 1321 1902 optione
1372 1803 1580 1879 servi
1630 1807 1765 1882 vel
1798 1803 2138 1879 alterius
2188 1802 2309 1878 rei

207 1903 511 2006 agitur,
561 1907 613 1975 l
668 1908 739 1980 3
784 1928 909 2001 pr.
942 1904 1050 1980 0.
1096 1907 1290 1981 Just.
1362 1929 1727 1980 commun
1796 1910 1894 1980 de
1954 1910 2100 2002 leg.
2158 1908 2308 1984 VI

206 2010 701 2100 437eode1n
746 2009 982 2078 modo
1032 2024 1444 2081 taxantur·

409 2108 819 2183 Hactenus
847 2111 955 2179 de
973 2106 1411 2208 privilegiis
1446 2109 2011 2221 professorum
2005 2128 2088 2179 et
2129 2132 2306 2181 me·-

209 2207 569 2285 dicct-um
633 2209 720 2282 in
780 2207 983 2282 univ
985 2232 1245 2282 ersum
1304 2207 1567 2283 verbis
1645 2208 1909 2324 factip,
1984 2205 2143 2306 jam
2206 2213 2307 2281 de

204 2310 537 2413 singulis
600 2310 1057 2414 diligentius
1134 2309 1677 2384 disserendum
1739 2309 1930 2402 erit,
2001 2329 2083 2383 et
2140 2307 2311 2408 pri-

203 2439 430 2488 mum
507 2415 835 2513 quidem
927 2417 1026 2486 de
1100 2411 1603 2487 immunitate
1680 2410 1836 2487 illis
1912 2434 2311 2503 concessa,
2337 2479 2390 2488 Γ

205 2539 422 2614 quae
469 2539 664 2618 prae
715 2512 994 2589 ceteris
1041 2518 1197 2588 hoc
1232 2512 1651 2614 proprium
1678 2516 1959 2599 habet,
2002 2533 2097 2586 ut
2123 2534 2307 2588 cum

114 2661 129 2686 1
206 2639 385 2692 tota
433 2643 523 2692 re
569 2613 1039 2717 municipali
1085 2616 1641 2692 Romanorum
1689 2614 1968 2691 intime
2017 2619 2310 2690 cohae-

201 2740 404 2806 reat.

318 2920 395 3032 §·
423 2919 587 3015 Vl.
653 2919 808 3010 De
862 2855 1426 3010 muneribus
1483 2928 1583 3010 et
1633 2916 2193 3011 honoribus.
2201 2871 2222 2875 -

408 3102 944 3204 Disputaturo
994 3102 1189 3179 mihi
1255 3107 1355 3176 de
1420 3101 1840 3180 vacatione
1885 3079 2311 3177 munerum
2427 3137 2438 3142 ·

206 3198 602 3298 civilium,
678 3229 833 3308 qua
896 3209 1369 3308 professores
1431 3226 1513 3279 et
1573 3202 1860 3277 medici
1921 3209 2309 3305 gaudent,

211 3332 415 3411 opus
489 3307 847 3401 videtur,
932 3329 1031 3384 ut
1094 3329 1519 3381 munerum
1594 3326 1837 3405 atque
1910 3313 2310 3379 honorum

208 3432 455 3487 antea
511 3412 833 3487 brevem
899 3407 1246 3524 injiciam
1322 3405 1835 3483 mentionem,
1947 3458 2001 3519 ”.
2010 3404 2308 3479 Munus

206 3511 622 3614 publicum
670 3516 895 3603 (nam
946 3520 1047 3588 de
1096 3509 1426 3609 privatis
1475 3508 1609 3585 hic
1655 3532 1826 3586 non
1876 3504 2141 3607 agitur
2159 3556 2183 3597 ‚
2247 3508 2307 3581 l.

220 3642 335 3698 ιιι.
388 3613 452 3709 §.
518 3639 580 3686 1.
633 3616 743 3689 D.
777 3621 871 3687 de
921 3640 1123 3690 mun.
1170 3625 1245 3686 et
1289 3614 1458 3688 hon.
1491 3615 1593 3690 L
1627 3618 1739 3705 4,)
1787 3630 1904 3682 est
1951 3603 2310 3681 officium

140 3813 145 3816 Α
205 3715 516 3831 privati
560 3715 938 3811 hominis,
988 3733 1097 3791 ex
1146 3736 1313 3813 quo
1346 3718 1856 3808 commodum
1898 3714 2003 3784 ad
2039 3708 2315 3821 singu·

207 3821 329 3896 lon
381 3816 953 3917 universosque
1002 3816 1213 3896 cives
1257 3837 1589 3918 remque
1651 3836 1931 3891 eorum
1979 3811 2311 3912 impet-10

1867 3911 1913 3992 5
