2740 4661
1168 229 1590 316 346‘

375 455 892 555 quandoque
912 451 978 527 si
1023 449 1287 528 minus
1332 479 1524 529 cum·
1567 451 1925 546 medicis,
2002 468 2231 531 tanto
2279 464 2465 531 ma·-

374 559 516 672 gis
565 582 746 631 cum
797 555 1385 672 professoribus
1449 554 1723 670 egisse.
1829 557 2142 631 Medici
2222 557 2465 650 enim,

373 657 523 757 qui
584 655 855 733 salutis
917 655 1292 751 vitaeque
1348 656 1769 737 hominum
1835 676 2106 732 curam
2180 679 2468 759 agunt,

316 758 621 861 rigori
666 762 912 854 atque
957 746 1456 851 insolentiae
1477 759 2054 874 Imperatorum
2098 784 2240 836 aut
2288 786 2464 835 ma·-

375 862 873 975 gistratuum
894 858 1155 937 minus
1202 861 1368 943 fere
1422 859 1764 975 expositi
1809 863 2170 952 fuerunt,
2251 885 2463 959 quo-

340 987 588 1055 ⁵mam
651 970 953 1048 eorum
987 985 1233 1063 opera
1290 960 1730 1044 necessaria
1788 988 1950 1037 esse
2016 961 2463 1043 videbatur.

369 1056 1084 1141 verumenimvero
1151 1068 1374 1158 quod
1436 1068 1542 1138 ad
1613 1064 2087 1163 professores
2149 1062 2484 1157 attinet,

369 1188 543 1240 non
592 1160 694 1251 de
744 1161 1070 1278 singulis
1110 1154 1729 1271 professoribus,
1782 1172 1929 1243 sed
1982 1171 2081 1238 de
2128 1165 2469 1240 univer·-

342 1264 468 1346 'sis
508 1263 939 1380 ordinibus
963 1268 1181 1347 male
1227 1289 1817 1365 nonnunquam
1875 1265 2163 1343 habitis
2224 1270 2459 1341 locu-
2534 1357 2538 1361 ‚

365 1365 532 1444 turi
581 1391 870 1443 sumus.
977 1368 1401 1448 Praeterea
1456 1392 1671 1445 vero
1706 1374 1868 1443 hoc
1919 1367 2157 1442 etiam
2206 1373 2461 1444 adno-

365 1473 723 1547 tandum
731 1466 889 1562 est,
927 1469 1175 1551 nobis
1202 1488 1374 1542 non
1422 1495 1661 1544 curae
1702 1472 1875 1552 fore
1903 1469 2037 1544 hic
2077 1496 2200 1563 ea,
2245 1493 2460 1569 quae

366 1577 475 1647 ad
501 1571 1106 1685 impediendam
1117 1570 1645 1668 professorum
1685 1571 2283 1686 liberaliumque
2335 1572 2461 1645 di·-

359 1672 885 1789 sciplinarum
917 1671 1484 1779 receptionem
1504 1698 1795 1790 aspere
1828 1675 2044 1769 facta
2083 1674 2270 1767 sint,
2319 1698 2461 1749 cu-

356 1771 484 1876 jus
531 1771 667 1845 rei
691 1769 849 1871 jam
873 1796 1141 1886 supra
1154 1773 1533 1847 brevem
1512 1774 1919 1888 injecimus
1948 1774 2461 1867 mentionem,

360 1878 498 1951 sed
546 1897 733 1949 11011Λ
767 1871 921 1946 ni'si
987 1872 1075 1947 in
1124 1873 1550 1972 exemplis
1570 1875 2060 1972 quibusdam
2103 1875 2460 1952 illibera-

357 1974 605 2050 litatis
655 1974 742 2048 in
791 1970 1266 2074 professores
1311 1973 1471 2073 jam
1532 1981 1838 2052 dudum
1884 1999 2241 2128 receptos
2290 2004 2456 2055 ser·

358 2100 680 2152 monem
729 2098 1091 2151 nostrum
1137 2098 1637 2153 versaturum
1674 2104 1865 2153 esse-

374 2248 379 2259 ,
556 2179 746 2265 Huc
794 2177 1039 2280 igitur
1087 2177 1473 2311 pertinet,
1523 2185 1744 2276 quod
1781 2172 2202 2255 Suetonius
2241 2181 2447 2274 (Do—

262 2318 263 2323 ,
359 2278 732 2377 mit.1o.)
795 2296 1183 2384 narrat,
1213 2254 1774 2357 Domitianum„
1813 2283 2059 2366 Junio
2116 2281 2456 2357 Rustico

355 2382 837 2477 interemto,
869 2379 1105 2481 quod
1137 2384 1365 2458 Paeti
1413 2383 1816 2460 Thraseae
1866 2409 1916 2459 a
1951 2386 2274 2462 Nerone·
2321 2408 2452 2458 oc·-

351 2483 494 2558 cisi
545 2487 785 2598 (Saea.
807 2487 987 2558 Ner.
1019 2485 1199 2583 37.)
1226 2506 1306 2558 et
1340 2486 1698 2565 Helvidii
1746 2476 2024 2564 Prisci
2042 2512 2092 2560 a
2137 2486 2454 2585 Vespa-

353 2584 576 2661 siano
645 2584 790 2660 etsi
857 2582 1113 2661 invito
1177 2583 1576 2661 interfecti
1630 2581 1859 2675 (Suet.
1914 2585 2446 2702 Vespas155)

352 2689 654 2768 laudes
701 2684 1066 2776 edidisset
1129 2690 1816 2803 appellassetque
1842 2714 1976 2763 eos
2055 2687 2448 2782 sanctissi-

353 2811 522 2870 mos
573 2784 877 2879 viros,
903 2792 1068 2901 ejus
1118 2787 1462 2861 criminis
1511 2790 1958 2883 occasione,
2023 2803 2128 2870 ut>
2163 2789 2452 2865 Sueto·-

298 2891 303 2894 ’
352 2885 559 2970 nius
585 2885 925 2961 ironice
924 2888 1089 2981 ait,
1150 2890 1659 2990 philosophos
1712 2916 1980 2966 omnes
2008 2893 2254 2965 Urbe
2279 2895 2448 2965 Ita-

346 2971 623 3085 Iiaque
684 2991 1196 3065 submovisse.
1309 2990 1573 3065 Fuere
1637 2993 1994 3089 quidem,
2065 2992 2206 3090 qui
2266 2992 2440 3065 Ro-

237 3149 265 3155 --
347 3115 595 3182 mam,
671 3095 807 3163 vel
871 3089 1250 3168 suburbia
1310 3118 1494 3166 non
1527 3095 2115 3192 relinquerent,
2190 3091 2445 3170 veluti

290 3188 932 3284 Artemidorus,
1010 3200 1229 3291 apud
1295 3219 1534 3291 quem
1584 3196 1889 3269 Plinius
1953 3194 2217 3289 junior
2266 3194 2449 3288 fuit,

267 3343 269 3348 <
342 3317 427 3369 et
476 3317 640 3391 quo
691 3293 1122 3369 notabilius
1187 3300 1343 3382 hoc
1395 3317 1629 3391 esset,
1677 3301 1869 3371 dum
1915 3319 2239 3413 praetor
2264 3297 2447 3372 fuit.

354 3400 509 3493 Ep.
547 3398 707 3469 III.
773 3419 802 3467 1
823 3416 886 3469 1.
980 3395 1368 3472 :Attamen
1417 3401 1888 3474 commorari
1943 3395 2448 3498 periculosis·-

354 3496 627 3570 simum
677 3481 848 3571 erat
895 3497 1386 3597 Imperatore
1453 3505 1558 3575 ad
1616 3500 2019 3578 saevitiam
2081 3500 2449 3580 celeriter

355 3581 841 3686 desciscente
872 3600 1112 3695 (Suet.
1163 3601 1455 3677 Domit.
1516 3602 1663 3698 ιο.)
1734 3624 1815 3690 et
1862 3602 2074 3701 patri
2133 3604 2445 3714 Vespa-

340 3698 635 3810 sianO,
663 3699 807 3796 qui
855 3700 1517 3802 philosophorum
1568 3704 2153 3780 contumaciam
2198 3699 2444 3776 lenis·

349 3799 404 3873 si
407 3824 527 3873 me
577 3805 874 3880 tulerat
949 3807 1186 3907 (Suet
1243 3808 1731 3912 Vesp.13·),
1791 3812 2031 3913 longe
2079 3803 2442 3886 absimili.
2501 3837 2504 3842 ·

122 4297 347 4400 f
366 4303 377 4305 ’
464 4329 479 4368 ι
882 4323 953 4353 ‘w

80 4385 119 4424 ev*
1038 4416 1050 4426 .
