2740 4661
1222 214 1406 319 27*

213 461 428 536 nisse
490 462 832 535 Romam
877 454 1435 559 Peloponneso
1494 453 2095 573 Archagathum
2143 458 2321 565 Ly·-

214 562 487 641 saniae
534 560 787 635 filium
807 615 828 653 ,
873 561 976 635 L.
1017 560 1369 635 Aemilio
1377 615 1400 654 ‚
1452 559 1654 633 Luc.
1693 559 1912 641 Julio
1942 562 2149 645 Coss.
2170 588 2320 636 an-

213 691 332 738 no
382 662 622 739 Urbis
668 650 1069 740 DXXXV.
1091 716 1138 776 ⁹.
1186 661 1425 763 eique
1484 657 1604 778 jus
1672 660 2122 758 Quiritium
2171 669 2319 738 da·-

212 788 402 840 tum
442 782 564 839 et
635 768 1048 839 tabernam
1115 761 1204 837 in
1282 762 1630 863 compito
1693 761 1955 841 Acilio
2028 784 2319 843 emtam

219 872 333 943 ob
373 865 458 939 id
489 865 835 965 publice·
936 868 1009 941 Is
1056 865 1558 942 vulnerarius
1603 866 1761 945 fuit
1812 891 1856 940 e
1899 891 1991 940 re
2041 864 2323 956 dictus,

216 968 581 1065 mireque
641 989 911 1070 gratus
977 972 1370 1043 adventus
1429 965 1598 1068 'ejus
1673 966 1937 1045 initio:
2010 992 2203 1043 mox
2269 993 2321 1042 a

216 1068 553 1148 saevitia
614 1071 935 1184 secandi
997 1058 1444 1169 urendique
1502 1068 1814 1148 transiit
1872 1094 2168 1145 nomen
2229 1066 2321 1141 in

216 1162 679 1247 carnificem
725 1193 807 1245 et
856 1170 943 1243 in
993 1173 1342 1246 taedium
1394 1197 1517 1245 ars
1581 1195 2017 1269 omnesque
2066 1169 2320 1243 medi-
2346 1166 2370 1189 ¹

218 1272 321 1348 ci.
421 1275 624 1346 Plin-
677 1276 888 1345 Hist.
942 1276 1125 1347 Nat.
1177 1276 1481 1345 XXIX
1527 1300 1590 1344 s
1641 1273 1715 1348 6.
1764 1298 1840 1368 7.
1956 1271 2315 1346 Clarissi-

213 1401 349 1453 me
398 1377 554 1447 hoc
604 1373 947 1474 intelligi
996 1392 1250 1471 potest
1300 1399 1403 1447 ex
1451 1373 1714 1448 verbis
1748 1371 2071 1447 Catonis
2108 1373 2320 1444 Cen-

220 1475 411 1551 sorii
432 1527 457 1560 2
521 1497 746 1589 quae
797 1475 1090 1573 scripta
1138 1496 1325 1548 sunt
1370 1474 1647 1548 Marco
1711 1473 1879 1548 filio
1933 1495 2015 1553 et
2064 1500 2104 1546 a
2152 1473 2319 1546 Pli-

218 1577 366 1655 nio
412 1574 708 1675 majore
770 1580 951 1650 loco
1012 1581 1340 1653 laudato
1403 1597 1752 1653 servata:
1824 1574 2171 1667 „Dicam
2219 1579 2321 1650 de

222 1678 389 1752 istis
440 1676 765 1751 Graecis
816 1702 956 1751 suo
1005 1682 1224 1769 loco,
1273 1678 1544 1752 Marce
1596 1676 1754 1769 fili,
1806 1675 2007 1774 quid
2051 1675 2319 1750 Athe-

217 1779 345 1853 nis
409 1778 899 1892 exquisitum
963 1775 1358 1871 habeam,
1409 1800 1490 1853 et
1552 1784 1774 1876 quod
1835 1782 2138 1853 bonum
2201 1778 2325 1869 sit,

221 1881 549 1955 illorum
592 1879 946 1953 litteras
925 1879 1346 1979 inspicere,
1393 1905 1564 1953 non
1595 1879 2074 1978 perdiscere.
2127 1877 2321 1955 vin-

218 2008 399 2057 cam
444 1979 1012 2079 nequissimum
1065 2004 1145 2054 et
1189 1982 1535 2056 indocile
1584 2006 1835 2082 genus
1879 1983 2199 2055 illorum
2240 2004 2322 2057 et

219 2089 378 2161 hoc
425 2104 631 2182 puta
679 2104 945 2157 vatem
1012 2082 1337 2158 dixisse.
1441 2083 2105 2195 Quandocunque
2170 2081 2321 2161 ista

216 2209 413 2298 gens
465 2209 642 2261 suas
690 2183 989 2261 litteras
1018 2185 1275 2276 dabit,
1324 2183 1595 2257 omnia
1619 2204 2100 2280 corrumpet,
2148 2205 2323 2259 tum

220 2285 465 2361 etiam
511 2286 794 2385 magis,
845 2285 908 2360 si
930 2284 1296 2364 medicos
1347 2311 1524 2361 suos
1576 2289 1740 2359 huc
1788 2283 2072 2361 mittet.
2170 2282 2319 2366 Ju-

213 2408 506 2463 rarunt
554 2387 765 2461 inter
814 2413 894 2460 se
959 2389 1332 2463 barbaros
1395 2412 1685 2461 necare
1752 2411 2021 2459 omnes
2066 2384 2323 2461 medi-

216 2489 435 2563 cina·
526 2487 641 2562 Et
689 2495 847 2562 hoc
895 2488 1153 2588 ipsum
1200 2493 1568 2564 mercede
1615 2487 1961 2577 faciunt,
2006 2507 2102 2559 ut
2129 2485 2326 2562 fides

220 2590 319 2664 iis
369 2589 469 2664 sit
518 2610 599 2664 et
645 2589 882 2663 facile
932 2590 1469 2705 disperdant&
1570 2589 1704 2663 Ad
1755 2586 2081 2664 Catonis
2143 2613 2325 2664 sen-

215 2690 552 2765 tentiam
597 2690 905 2766 Plinius
957 2693 1194 2771 etiam
1245 2692 1554 2767 accedit
1592 2715 1673 2766 et
1699 2697 1800 2765 de
1824 2690 2120 2766 miseris
2142 2691 2319 2766 'me-

220 2791 582 2866 dicorum
643 2793 1366 2872 concertationibus
1428 2793 1638 2870 circa
1703 2816 1980 2892 aegros
2046 2790 2322 2889 queri-

217 2914 390 3009 tur,
449 2897 682 2967 nullo
728 2894 940 2968 idem
989 2917 1398 2983 censente,
1464 2919 1570 2969 ne
1621 2893 1992 2970 videatur
2056 2918 2322 2968 acces-

216 2998 334 3070 sio
369 2992 711 3068 alterius.
810 2995 1029 3072 Hinc
1069 2995 1183 3070 ait
1219 2996 1439 3072 illam
1474 2995 1812 3072 infelicis
1845 3018 2324 3071 monumen-

192 3096 277 3170 ·ti
346 3094 945 3211 inscriptionem
1008 3095 1322 3174 venire:
1405 3102 1683 3178 turba
1748 3121 1842 3168 se
1903 3094 2327 3178 medico-

217 3222 418 3275 rum
453 3195 909 3296 periisse;
961 3199 1213 3303 (quod
1240 3197 1543 3273 dictum
1574 3196 1892 3272 Caesari
1915 3196 2325 3272 Hadriano

217 3303 475 3414 vulgo
537 3297 1047 3416 adscribitur5
1125 3304 1381 3373 multo
1459 3322 1728 3390 autem
1787 3298 2174 3378 vetustius
2238 3318 2320 3370 et

216 3398 574 3477 senarius
651 3421 805 3492 est,
898 3421 992 3474 ut
1042 3423 1398 3498 putant,
1477 3401 1902 3475 Menandri
1980 3394 2320 3480 Comici.²

220 3503 526 3577 Πολλῶν
569 3500 826 3601 ἰατρῶν
878 3504 1142 3589 ἕίσοδος
1188 3502 1683 3594 μ’ᾰπωλεσεν)·
1661 3564 1682 3597 ‚
1733 3498 2019 3575 mutari
2070 3518 2326 3572 artem
2437 3507 2440 3508 ⁷
2487 3517 2498 3526 “

218 3600 587 3697 quotidie
637 3625 718 3676 et
768 3602 1270 3704 ingeniorum
1320 3605 1708 3680 Graeciae
1758 3603 1959 3676 flatu
2018 3599 2325 3715 impelli

218 3704 663 3796 Romanos,
711 3709 1126 3803 palamque
1155 3731 1351 3797 esse,
1399 3728 1495 3784 ut
1523 3706 1868 3820 quisque
1893 3701 2105 3776 inter
2132 3723 2321 3778 istos
2409 3759 2412 3760 ν

218 3809 628 3926 loquendo
664 3809 966 3907 polleat
982 3859 1006 3902 ‚
1046 3805 1601 3910 imperatorem
1650 3804 1867 3888 inico
1903 3804 2120 3886 vitae
2166 3805 2319 3881 ho·-
