2740 4661
1352 209 1465 290 24
1497 242 1505 261 ,

350 427 909 543 accepissent,
941 422 1239 504 Latine
1282 428 1459 502 dici
1471 438 1698 526 posse
1732 410 2223 524 diffiderent,
2271 424 2466 505 scri-

376 528 536 643 ptis
587 527 988 604 Ciceronis
1049 556 1221 607 non
1278 536 1520 604 modo
1584 535 1688 604 ad
1753 531 2248 621 discendum,
2327 536 2469 607 sed

270 636 275 647 '
318 640 331 673 ²
385 629 627 705 etiam
686 631 1184 708 scribendum
1250 631 1618 706 commoti
1684 653 1893 706 sunt·
2007 631 2245 704 Multi
2305 629 2468 728 jam

383 751 644 807 aetate
703 732 1068 832 provecti
1130 733 1217 805 in
1287 730 1689 807 Ciceronis
1752 732 1970 815 libris
2036 731 2470 830 acquieve-

384 855 578 908 runt
627 856 874 930 atque
924 835 1472 908 vehementius
1521 836 1615 906 in
1676 833 1840 907 dies
1891 855 1971 906 et
2017 833 2338 947 legendi
2391 855 2475 906 et

384 934 780 1010 scribendi
806 933 1153 1009 studium
1194 935 1612 1011 incitatum
1643 956 1781 1012 est·
1857 933 2249 1020 Ciceroni
2274 960 2471 1009 vero
2575 1026 2582 1033 ἡ

380 1035 909 1136 magnificum
943 1036 1145 1109 illud
1193 1036 1686 1134 potissimum
1731 1024 2277 1131 Romanisque
2323 1040 2475 1113 ho-
2567 1041 2572 1046 ’

382 1137 730 1210 minibus
796 1136 1224 1253 gloriosum
1288 1138 1755 1230 videbatur,
1832 1161 1926 1211 ut
1988 1135 2311 1214 Graecis
2373 1142 2475 1209 de

380 1238 896 1336 philosophia
940 1236 1220 1335 litteris
1269 1265 1437 1313 non
1476 1259 1828 1339 egerent.
1889 1242 2113 1321 Nat.
2135 1241 2369 1314 -.Deor
2398 1241 2470 1311 I.

351 1347 464 1424 4.
490 1342 844 1419 Divinat
868 1328 1113 1421 II.1.
1156 1342 1413 1416 M-ox
1462 1340 1704 1442 igitur
1752 1365 1859 1412 ne
1918 1339 2245 1412 maximi
2294 1337 2480 1436 qui-

390 1446 574 1514 dem
620 1439 778 1516 viri
825 1439 1426 1533 abstinuerunt,
1476 1464 1640 1538 quo
1690 1442 1948 1513 minus
1998 1462 2080 1514 et
2130 1439 2279 1539 ipsi
2330 1440 2481 1513 ali-

306 1566 309 1571 ’
390 1541 592 1640 quid
645 1546 743 1617 de
760 1542 1304 1656 philosophia
1350 1543 1816 1616 scriberent.
1891 1540 2146 1615 veluti
2193 1540 2480 1642 Augu-
2572 1596 2578 1602 .

389 1664 588 1734 stus,
636 1641 785 1738 qui
830 1664 1151 1741 praeter
1199 1643 1394 1724 alios
1443 1642 1678 1716 libros
1728 1641 1984 1719 etiam
1993 1644 2483 1719 Hor-tationes

393 1748 502 1815 ad
538 1744 1103 1839 philosophiam
1151 1743 1598 1843 composuit
1644 1765 1724 1816 et
1765 1742 2109 1817 Tiberio
2158 1742 2488 1831 tradidit

377 1847 913 1956 perlegendas
965 1847 1166 1917 Suet.
1215 1845 1420 1938 Aug.
1476 1842 1597 1921 85.
1698 1845 1963 1918 Roma
2007 1868 2202 1924 vero
2249 1848 2481 1942 paul-

264 2008 267 2017 .
316 1978 324 1996 ι
392 1943 620 2018 latim
686 1943 926 2018 etiam
988 1944 1545 2043 philosophiae
1608 1945 1882 2028 studiis
1943 1946 2266 2027 florere
2294 1968 2484 2019 coe-

392 2045 540 2144 pit.
590 2097 595 2103 -
639 2046 770 2118 De
819 2043 1165 2120 Annaeo
1214 2047 1551 2138 Seneca,
1627 2049 1758 2121 cui
1796 2048 2012 2120 ‘Nero
2060 2046 2486 2145 undecimo

396 2145 677 2222 aetatis
741 2170 958 2221 anno
1022 2148 1108 2221 in
1171 2146 1671 2263 disciplinam
1732 2148 2066 2222 traditus
2118 2169 2246 2223 est
2284 2151 2488 2221 Suet<

398 2252 583 2324 Ner.
609 2274 680 2346 7.
664 2302 745 2344 .,
768 2274 941 2322 ιιοιι
983 2271 1101 2325 est
1147 2257 1366 2348 quod
1419 2250 1733 2350 plenius
1762 2249 2192 2343 dicatur3s
2160 2253 2294 2324 sed
2316 2271 2489 2320 non

380 2357 687 2426 desunt
737 2352 989 2434 etiam
1028 2352 1188 2426 alia
1238 2358 1623 2451 exempla.
1732 2352 1861 2444 „Si
1925 2356 2279 2447 quando
2300 2353 2488 2423 urbs

394 2474 672 2527 nostra
723 2453 1179 2530 liberalibus
1229 2455 1505 2527 studiis
1550 2455 1849 2545 floruit,
1884 2453 2203 2527 Plinius
2254 2450 2487 2536 Atrio

405 2555 800 2625 Clementi
850 2554 1118 2628 scribit
1166 2559 1922 2652 Ep.1.10.,nunc
1970 2553 2322 2628 maxime
2340 2552 2493 2625 flo—
2577 2639 2582 2640 ff

380 2673 548 2730 ret.
647 2649 909 2728 Multa
958 2658 1338 2750 claraque
1392 2651 1766 2753 exempla
1827 2678 2033 2730 sunt.
2137 2652 2491 2727 Suffece-

346 2803 349 2806 >
398 2753 533 2826 rit
555 2778 853 2845 unum,
895 2754 1348 2853 Euphrates
1399 2757 1993 2872 philosophus&
2039 2755 2170 2832 cui
2221 2780 2301 2829 se
2344 2779 2494 2827 ex·-

340 2905 347 2910 -
398 2854 870 2952 poliendum
920 2856 1518 2955 limandumque
1570 2859 2019 2955 permittat,
2095 2881 2350 2955 quum
2407 2852 2498 2927 in

401 2957 703 3028 Urbem
725 2958 1092 3055 proxime
1117 2959 1463 3040 venisset
1484 2957 1756 3032 Atrius
1771 3012 1791 3049 ‚
1840 2964 2228 3033 hortatur.
2308 2954 2496 3029 Alio

382 3062 581 3140 loco
632 3057 857 3130 111.1
882 3087 942 3131 ι.
999 3064 1098 3134 de
1147 3058 1654 3133 Artemidoro
1671 3059 2187 3158 philosopho
2227 3056 2497 3153 loqui-

384 3180 572 3250 tur,
623 3158 765 3254 qui
813 3160 902 3232 in
950 3165 1406 3236 suburbano
1459 3159 1924 3256 permansit,
1996 3184 2250 3259 quum
2303 3157 2498 3272 phi·-
2619 3209 2627 3220 .

406 3261 725 3359 losophi
793 3264 885 3333 ab
949 3265 1171 3336 Urbe
1235 3261 1577 3337 submoti
1645 3284 1925 3336 essent·
2075 3261 2272 3336 Sed
2299 3259 2506 3332 illud

382 3365 663 3461 ipsum
715 3368 1526 3456 senatusconsultum,
1576 3386 1741 3458 quo
1790 3361 2284 3476 pbilosophis
2322 3360 2510 3431 Do·
2575 3361 2587 3376 “

408 3463 743 3537 mitiano
797 3463 1235 3559 imperante
1286 3466 1509 3550 Urbe
1569 3486 1650 3536 et
1698 3463 1931 3537 Italia
1987 3461 2504 3537 interdictum
2574 3541 2582 3554 ί

382 3583 525 3634 :est
590 3567 788 3640 Suet.
858 3568 1149 3637 Domit.
1212 3592 1324 3639 ιο.
1386 3568 1602 3637 Gell..
1650 3568 1857 3635 Noct·
1906 3566 2072 3638 Att.
2125 3568 2301 3637 XV.
2366 3586 2473 3636 11.
2458 3614 2502 3652 .,

280 3707 321 3742 ι,
398 3656 877 3766 argumento
931 3690 1091 3740 esse
1144 3664 1518 3758 videtur,
1565 3671 1782 3739 haud
1832 3667 2506 3744 contemnendum

404 3786 600 3836 tunc
653 3791 788 3839 eoi
785 3794 927 3843 ,ιιιιι
964 3766 1196 3848 fuisse
1233 3793 1676 3843 numerum.
1781 3765 2046 3865 Quid?
2095 3760 2369 3864 quod
2346 3786 2504 3864 jam

2000 4007 2004 4010 v
2111 3989 2124 4018 ι
