2740 4661
1286 192 1397 271 ’79

274 412 417 486 vel
469 414 574 485 ad
622 409 1103 509 legationem
1155 415 1292 485 vel
1352 402 1456 485 ad
1523 406 1879 515 militiam
1931 408 2386 509 adigantur,

276 535 592 609 neque
620 516 895 584 ullum
925 511 1451 611 provinciale
1476 498 1828 597 aliudve
1847 534 2133 585 munus
2197 517 2381 604 sub·
2439 538 2440 543 ¹

274 616 402 688 ire
453 611 692 686 inviti
741 635 1193 714 cogantur..
1252 615 1384 689 De
1428 611 1855 690 vacatione
1891 617 2205 691 tutelae
2256 635 2380 687 at·-

283 739 451 829 quoe
519 739 753 788 curae
821 715 1387 813 professoribus
1461 741 1557 797 ac
1618 712 1939 795 medicis
2015 734 2386 807 concessa

283 816 554 892 edicto
620 816 1013 891 Hadriam
1074 817 1390 932 proprie
1466 817 1832 914 quidem
1827 816 2021 887 'non
2083 815 2383 927 agitur3
2409 872 2414 881 .

286 934 548 1015 quum
593 943 890 1003 veroa
954 918 1236 1005 militia
1301 923 1501 992 adeo
1547 919 1733 1001 illae
1783 941 2172 1016 personae
2224 941 2380 988 ex-

283 1039 706 1111 cusentur,
790 1020 1136 1097 dubitari
1195 1020 1512 1119 nequit,
1556 1018 1800 1135 quin
1849 1019 1990 1091 illa
2011 1040 2382 1114 quoque

289 1144 626 1194 munera
678 1119 838 1219 jam
889 1126 1038 1194 sub
1082 1122 1497 1196 Hadriano
1550 1121 1660 1195 iis
1688 1121 2007 1193 remissa
2056 1116 2384 1212 fuerint,

292 1232 377 1296 et
421 1221 913 1296 Modestinus
963 1250 1057 1296 ea
1109 1229 1207 1298 de
1258 1223 1753 1299 immunitate
1802 1243 1896 1299 ut
1948 1227 2047 1294 de
2095 1247 2181 1309 re
2230 1247 2383 1294 no·-

281 1322 584 1396 tissima
634 1323 1057 1437 loquitur(
1115 1325 1216 1401 L.
1270 1327 1338 1398 6.
1389 1326 1470 1420 5.·
1512 1350 1575 1399 ι.
1622 1329 1732 1423 D.
1763 1328 1855 1395 de
1906 1349 2148 1395 exem.
2249 1321 2384 1396 Ad

204 1494 209 1497 .
289 1430 436 1498 has
487 1423 1018 1529 immunitates
1068 1452 1256 1502 mox
1307 1428 1543 1501 etiam
1589 1424 1933 1501 remissio
1986 1427 2086 1497 ab
2136 1447 2379 1524 anga-

284 1527 590 1600 riarum
636 1518 1173 1626 praestatione
1224 1524 1579 1622 accessit,
1630 1550 1711 1602 et
1748 1528 1935 1601 licet
1964 1525 2311 1597 Paulus
2290 1551 2381 1600 ιιι

261 1632 378 1703 l.
417 1651 530 1703 ιο.
581 1628 649 1723 §.
689 1649 762 1703 2.
812 1632 919 1701 D.
974 1634 1066 1700 de
1110 1657 1261 1702 exc.
1305 1645 1378 1701 et
1426 1655 1839 1714 vammum
1897 1630 1998 1702 L.
2047 1644 2113 1717 5.
2167 1631 2383 1700 hano

291 1728 787 1803 vacationem
835 1756 1447 1807 commemorans
1494 1739 1594 1806 de
1641 1726 1965 1805 medicis
2001 1749 2261 1805 taceat
2298 1750 2382 1801 et

293 1855 463 1902 non
514 1829 664 1905 nisi
715 1830 1160 1905 liberalium
1221 1836 1512 1908 artium
1575 1834 2112 1948 professorum
2142 1855 2379 1903 men-

294 1929 598 2006 tionem
658 1935 937 2025 faciat,
1013 1955 1280 2007 tamen
1328 1932 1759 2033 probabile
1819 1959 1981 2006 esse
2034 1930 2382 2027 videtur,

293 2033 469 2108 eam
519 2038 614 2106 ad
662 2035 1036 2109 medicos
1041 2040 1273 2109 haud
1335 2061 1553 2110 secus
1614 2061 1711 2111 ac
1772 2033 2179 2147 magistros
2242 2034 2381 2108 lit-

292 2132 641 2208 terarum
713 2138 1211 2210 referendam
1286 2162 1470 2212 esse.
1582 2133 2118 2248 Angariarum
2181 2159 2379 2211 vero

291 2235 861 2337 praestationes
935 2256 1117 2311 sunt
1193 2264 1237 2311 e
1293 2263 1579 2313 uorum
1643 2235 2209 2336 praestationes
2271 2241 2378 2310 ad

295 2364 610 2412 cursum
671 2339 1098 2436 publicum.
1289 2355 1394 2416 nt.
1441 2342 1770 2446 August.
1816 2342 1870 2416 l.
1921 2343 1973 2413 l.
2017 2366 2099 2435 p.
2158 2332 2380 2436 1576.

294 2438 446 2515 Sed
501 2465 747 2537 quum
809 2465 1062 2538 usque
1110 2447 1215 2516 ad
1261 2437 1768 2517 Antoninum
1813 2439 2046 2538 Pium
2092 2466 2378 2514 nume-

294 2566 427 2614 rus
478 2544 1005 2639 professorum
1067 2563 1148 2616 et
1207 2544 1732 2635 medicorum,
1814 2541 1958 2641 qui
2005 2541 2377 2617 immuni-

232 2641 241 2666 ²
293 2641 586 2716 tatilius
638 2643 787 2717 illis
837 2648 924 2717 in
972 2668 1465 2744 unaquaque
1528 2645 1850 2720 civitate
1900 2646 2380 2739 fruerentur,
2443 2709 2446 2714 .

295 2768 465 2816 non
531 2745 1002 2819 constitutus
1070 2769 1264 2822 esset
1280 2771 1307 2841 ,‘
1384 2749 1815 2847 Imperator
1870 2747 2006 2821 ille
2071 2768 2379 2822 certum

300 2851 700 2941 quendam
750 2873 1028 2923 eorum
1074 2874 1493 2923 numerum
1542 2876 1689 2949 pro
1717 2848 2172 2923 diversitate
2206 2850 2379 2924 sin-

294 2950 669 3047 gularum‘
711 2949 1125 3024 civitatum
1173 2954 1450 3024 statuit
1497 2975 1577 3025 et
1627 2950 2117 3025 conditiones
2157 2977 2375 3026 non-

293 3053 594 3140 nullaS,
663 3073 707 3124 e
761 3053 1041 3148 quibus
1092 3058 1587 3146 commodum
1637 3053 2149 3140 vacationum
2197 3054 2377 3127 illa-

293 3175 471 3222 rum
517 3157 865 3249 pendere
917 3153 1002 3225 in
1060 3175 1484 3258 posterum
1517 3158 1896 3246 deberet,
1947 3160 2122 3256 lege
2186 3180 2376 3253 pro-

292 3252 581 3350 posuit.
688 3253 869 3350 Qua
918 3259 1017 3328 de
1069 3281 1153 3328 re
1203 3279 1454 3351 quum
1502 3256 1713 3348 infra
1754 3257 2067 3371 plenius
2102 3256 2377 3328 dicen-

295 3359 481 3425 dum
525 3354 650 3444 sit,
704 3360 1066 3430 hocloco
1096 3356 1474 3451 sufficiat,
1526 3382 1784 3473 caput·
1796 3358 2169 3458 epistolae
2200 3354 2377 3429 An-

290 3453 550 3526 tonini
579 3456 738 3549 Pii,
788 3481 998 3556 quae
1050 3461 1376 3574 quidem
1423 3486 1591 3533 non
1640 3487 1790 3533 nist
1830 3458 2380 3536 communitati

289 3553 528 3655 Asiae
571 3557 894 3657 scripta,
947 3565 1084 3635 sed
1127 3586 1176 3635 a
1200 3559 1770 3660 jurisconsultis
1800 3560 2173 3654 universo
2202 3561 2379 3635 orbi

260 3658 775 3733 conveniens
838 3661 1112 3738 habita
1156 3686 1327 3756 est,
1402 3663 1633 3740 sicuti
1698 3691 1747 3739 a
1794 3641 2240 3738 Modestino
2288 3663 2377 3736 in

294 3755 346 3831 l.
395 3758 462 3833 6.
514 3759 579 3853 §
635 3785 707 3836 2.
759 3764 832 3840 3.
884 3771 959 3847 4.
1009 3790 1081 3864 7.
1131 3769 1238 3843 D.
1291 3770 1385 3838 de
1435 3793 1674 3839 exea-³.
1699 3765 2076 3861 refertur,
2117 3762 2379 3862 subje-
