2740 4661
1313 272 1315 275 ’
1419 256 1530 336 30

427 476 766 554 videtur.
835 476 1029 552 Suet.
1052 477 1212 551 Jul.
1250 477 1464 548 Caes.
1490 501 1556 551 c.
1588 482 1709 561 42.
1770 474 1841 546 F
1844 473 2300 549 alsissimum
2324 497 2523 551 vero

425 601 595 670 est,
652 577 953 659 Julium
1003 579 1418 652 Caesarem
1468 602 1736 650 omnes
1787 568 2173 651 medicos
2199 599 2282 650 et
2328 601 2523 676 pro-

422 682 745 757 sessores
796 680 1110 754 civitate
1160 685 1527 768 donasse,
1580 700 1830 794 quum
1875 679 2139 776 potius
2166 672 2279 751 {iis
2327 700 2518 752 tan-

422 784 834 878 tummodo
884 806 1267 857 concessa
1305 781 1585 873 fuerit,
1664 780 1805 881 qui
1853 803 2052 854 tunc
2100 807 2201 854 ex
2252 780 2516 854 Grae-

423 883 550 959 cia
598 882 874 956 aliisve
923 883 1375 982 regionibus
1424 883 1717 982 partim
1776 880 2150 982 ingenui,
2227 881 2519 979 partim

418 982 874 1062 manumissi
945 985 1288 1057 Romam
1356 1006 1793 1081 venerant,
1877 1006 1970 1058 ut
2043 982 2523 1057 medicinam

420 1096 892 1160 exercerent
941 1107 1082 1158 aut
1131 1085 1493 1167 liberalia
1541 1085 1803 1160 studia
1845 1086 2244 1159 docerent.
2355 1087 2519 1156 Ciz-

424 1189 729 1259 saubon.
758 1190 870 1257 ad
897 1184 1136 1257 locam
1159 1190 1565 1260 saetam-
1597 1190 1689 1257 de
1717 1188 2102 1261 -Wnckler
2129 1187 2520 1276 desae-ore

420 1290 881 1360 medicorum-
899 1291 951 1358 l.
981 1291 1031 1359 l.
1043 1317 1127 1384 p.
1144 1294 1320 1372 402.
1339 1289 1540 1361 Plin.
1562 1289 1810 1385 Epist.
1837 1291 1932 1359 X.
1953 1296 2024 1372 4.
2054 1289 2192 1361 ubi
2208 1286 2515 1360 Plinius

415 1387 733 1487 *medico
787 1413 928 1462 suo
978 1386 1460 1502 liarpocrati
1512 1386 1914 1464 civitatem
1960 1388 2417 1464 Romanam
2468 1413 2523 1462 a

422 1488 786 1588 Trajano
833 1489 1060 1589 petit
1162 1491 1314 1566 Sed
1368 1514 1638 1563 omnes
1689 1491 1855 1563 fere
1907 1489 2199 1564 dehinc
2249 1492 2516 1587 Impe-

416 1613 752 1678 ratores,
799 1591 1115 1705 regibus
1163 1591 1730 1669 Alexandrinis
1781 1592 1866 1663 in
1917 1597 2071 1666 hoc
2122 1591 2520 1683 simillimi,

414 1692 683 1769 studia
727 1691 1090 1766 liberalia
1141 1714 1221 1766 et
1272 1692 1421 1791 ipsi
1473 1716 2011 1766 exercuerunt
2053 1716 2522 1790 eorumque

415 1778 871 1868 doctoribus
922 1812 1023 1868 ac
1067 1792 1453 1909 magistris
1489 1794 1891 1871 faverunt.
1990 1797 2195 1870 Nam
2244 1816 2335 1867 ut
2381 1801 2544 1870 ‘ar-'
2599 1874 2602 1877 A

414 1894 813 2007 gumenta
846 1900 1253 1997 quaedam
1290 1894 1802 1992 adjiciantul,
1869 1895 2289 2001 Augustus
2343 1900 2518 1968 elo-

414 1995 829 2108 quentiam
877 1999 1300 2110 studiaque
1365 1995 1725 2069 liberalia
1788 1994 1888 2071 ab
1940 2019 2200 2072 aetate
2249 1997 2511 2095 prima

415 2119 497 2174 et
530 2097 835 2195 cupide
885 2120 965 2170 et
1003 2097 1590 2171 laboriosissime
1634 2099 2030 2190 exercuit,
2079 2098 2163 2170 in
2207 2095 2543 2196 profes?

290 2249 305 2260 κ
415 2224 624 2274 sores
677 2224 870 2275 vero
935 2224 1057 2272 ac
1080 2199 1421 2273 medicos
1485 2199 1601 2271 ita
1637 2224 2102 2299 propensus
2164 2199 2353 2292 fuit,
2414 2218 2564 2272 ut*

414 2324 710 2416 magna
774 2305 1187 2399 quondam
1251 2282 1663 2375 sterilitate
1732 2325 1824 2375 ac
1886 2297 2193 2375 difficili
2258 2327 2513 2375 reme-

409 2402 544 2476 dio
612 2426 862 2500 quum
921 2400 1384 2515 peregrinos
1446 2404 1671 2476 Urbe
1725 2408 2198 2500 expelleret,
2269 2427 2512 2507 prae·

406 2526 766 2604 ceptores
819 2526 899 2578 et
946 2503 1233 2577 medici
1282 2504 1605 2602 excepti
1654 2505 1994 2601 fuerint3
2042 2508 2259 2580 Suet.
2297 2503 2508 2600 Aug.
2580 2541 2593 2552 κ

398 2623 489 2677 c·
527 2609 655 2687 84.
683 2620 804 2688 42.
858 2644 956 2661 -
1007 2602 1385 2677 Tiberius
1434 2624 1639 2678 artes
1687 2605 2051 2681 liberales
2090 2606 2530 2702 utriusque

296 2701 309 2713 ⁸
409 2703 725 2805 generis
793 2703 1348 2780 studiosissime
1411 2707 1661 2779 coluit
1722 2730 1830 2781 et
1864 2706 2206 2782 maxime
2255 2729 2511 2805 quum
2589 2713 2592 2716 ’
2646 2738 2656 2752 ·

330 2898 334 2903 .
407 2806 689 2882 Rhodi
741 2828 1416 2897 commoraretur,
1416 2796 1655 2882 circa
1703 2814 2005 2890 scholas
2057 2831 2138 2882 et
2188 2808 2508 2883 audito·-

404 2908 527 2983 ria
573 2908 1109 3007 professorum
1156 2906 1507 3008 assiduus
1538 2909 1731 3005 fuit3
1781 2913 1983 2986 Suet.
2015 2911 2262 2983 Tiber-
2307 2937 2369 2985 c.
2386 2932 2509 3024 7o.
2588 2904 2594 2910 ’

418 3032 533 3085 11.
587 3048 685 3064 —-
737 3009 1096 3109 Caligula
1145 3036 1248 3085 ex
1298 3008 1726 3109 disciplinis
1763 3010 2219 3086 liberalibus
2266 3010 2510 3083 mini·

406 3128 627 3186 m‘um
680 3110 1173 3204 eruditioni,
1202 3112 1710 3209 eloquentiae
1745 3112 2192 3216 plurimum
2241 3133 2509 3187 atten-

358 3212 562 3320 dit,
640 3212 1171 3309 quantumvis
1216 3214 1610 3289 facundus
1678 3235 1759 3288 et
1817 3236 2220 3315 promtus·
2200 3273 2221 3311 ,
2303 3217 2509 3288 Suet.

292 3397 296 3401 ,
404 3311 655 3411 Calig.
711 3339 775 3389 ο.
792 3309 932 3389 53.
985 3354 1085 3370 -
1135 3313 1587 3391 Claudius
1566 3342 1731 3417 lpse
1781 3320 2216 3392 nonnullos
2264 3315 2507 3391 libros

404 3416 590 3492 satis
663 3413 1011 3488 eruditos
1062 3415 1359 3490 Latine
1410 3418 1901 3516 composuit,
1982 3413 2135 3492 nec
2198 3418 2507 3492 minore

410 3540 610 3591 cura
662 3517 963 3592 Graeca
1014 3516 1277 3592 studia
1325 3532 1657 3594 secutus
1656 3541 1841 3634 est,
1889 3546 2238 3594 amorem
2275 3546 2506 3619 prae-

409 3617 942 3715 stantiamque
1018 3612 1343 3737 linguae
1422 3618 1835 3695 occasione
1910 3621 2127 3694 omni
2199 3623 2508 3722 profes-

407 3742 573 3813 sus;
648 3722 852 3791 Suet.
912 3721 1179 3793 Claud.
1233 3746 1297 3798 c.
1328 3728 1473 3807 4ι.
1528 3732 1648 3809 42.
1697 3762 1796 3782 —-
1860 3722 2074 3797 Nero
2138 3722 2506 3824 liberales

408 3817 861 3942 disciplinas
907 3847 1182 3898 omnes
1212 3823 1381 3898 fere
1402 3847 1603 3921 puer
1628 3824 1931 3927 attigit,
1979 3830 2085 3904 ad
2109 3821 2512 3927 poeticam
