2740 4661
1391 257 1512 382 54,
1551 217 1556 221 ’

1937 402 1969 423 Ι

358 475 627 575 quod
677 458 948 551 tamen
997 494 1169 549 non
1218 471 1396 549 nisi
1421 425 1528 548 ad
1578 494 1751 564 eos,
1800 424 1946 569 qui
1993 470 2300 548 Romae
2350 479 2504 548 do-

413 579 740 675 cebant,
813 572 1339 652 referendum
1370 599 1574 668 esse,
1651 570 2068 674 probabile
2129 573 2325 647 mihi
2372 577 2506 651 vi-

407 683 665 755 detur.
764 680 837 751 E
872 678 1148 759 Plinio
1158 677 1555 769 videmus,
1578 699 2157 791 praeceptores
2200 702 2302 752 eo
2340 674 2504 775 jam

385 783 763 879 tempore
822 781 1090 855 multis
1165 779 1269 858 in
1327 777 1524 852 locis
1589 774 1996 876 publice
2051 770 2507 896 conductos

406 907 597 959 esse.
697 874 879 979 (ΕΡ.
918 884 1069 956 IV
1059 932 1081 957 0
1144 886 1259 958 ι’ἔ)
1292 893 1444 974 „ut
1494 882 1837 953 accidere
1881 882 2139 952 multis
2187 882 2264 952 in
2320 881 2507 953 Iocis

304 1005 310 1012 ‘
405 986 662 1070 videO,
726 986 804 1054 in
853 983 1118 1079 quibus
1154 994 1685 1079 praeceptores
1726 982 2025 1076 publice
2076 985 2501 1055 condamm—''-

307 1159 310 1163 ,
408 1099 559 1156 tur·
565 1087 658 1174 “)f
716 1084 960 1156 Illud
999 1109 1194 1160 vero
1233 1089 1333 1155 de
1363 1081 1661 1155 salariis
1698 1081 2307 1196 intelligendum
2340 1104 2504 1155 esse

409 1184 765 1278 videtur,
824 1207 1036 1289 quae
1082 1182 1654 1300 professoribus
1697 1181 1863 1297 jam
1906 1204 2105 1256 tunc
2157 1208 2207 1256 a
2255 1187 2502 1254 decu-

410 1285 781 1360 rionibus
821 1290 1042 1380 (nam
1089 1287 1175 1359 id
1239 1306 1393 1361 ests
1466 1283 1909 1389 publice)
1972 1286 2503 1396 decerneban-

326 1386 330 1401 ’
409 1404 582 1478 tur,·
664 1386 821 1463 ita
859 1387 1182 1487 quidem
1246 1409 1340 1461 ut
1412 1398 1735 1485 praeter
1816 1411 1989 1458 eam
2056 1383 2506 1485 pecuniam,

360 1525 365 1539 ¹
415 1504 657 1588 quae
681 1489 1004 1604 publice
1045 1489 1667 1606 promittebatur
1714 1508 1795 1560 et
1819 1489 2258 1578 dabatur,
2298 1511 2503 1564 mer-

411 1597 643 1707 cedes
693 1591 929 1664 etiam
985 1592 1494 1705 disciplinae
1516 1616 1566 1664 a
1632 1587 2035 1689 discipulis
2099 1593 2507 1664 solveren-

407 1712 568 1765 tur.
613 1691 823 1765 Sed
883 1695 1099 1766 hanc
1158 1691 1553 1765 rationem
1616 1689 2122 1765 conducendi
2166 1713 2504 1800 praece-

318 1866 325 1870 ,
409 1808 677 1892 ptores
735 1815 925 1865 non
963 1792 1201 1866 fuisse
1260 1792 1623 1886 unicam,
1700 1810 1915 1865 certe
1973 1812 2143 1864 non
2202 1789 2511 1893 legibus

408 1893 1022 2010 praesciiptam‚
1084 1893 1254 1993 ipse
1303 1891 1613 1968 Plinius
1663 1914 1947 1969 auctor
1995 1911 2130 1966 est
2228 1893 2508 2005 Quum

412 2006 628 2068 emm
707 1997 1130 2071 Comenses
1208 1994 1415 2068 filios
1493 1992 1671 2068 'suos
1750 1994 2193 2068 studiorum
2267 2013 2510 2067 causa

413 2118 650 2171 antea
699 2096 1250 2172 Mediolanum
1283 2096 1600 2199 mittere
1626 2095 1881 2175 coacti
1908 2094 2263 2185 fuissent,
2313 2094 2514 2190 quia

414 2198 645 2273 Comi
691 2219 1251 2300 praeceptores
1287 2218 1461 2274 non
1500 2217 1776 2295 erant,
1814 2195 2122 2272 Plinius
2148 2221 2281 2270 eos
2319 2201 2512 2267 hor·-

412 2321 674 2394 tatur,
753 2322 849 2375 ut
913 2322 1472 2403 praeceptores
1522 2299 1612 2374 in
1659 2296 2065 2375 civitatem
2115 2319 2336 2372 suam
2381 2294 2513 2368 in-

411 2407 754 2497 ducant3
804 2424 1163 2477 attamen
1208 2428 1384 2476 non
1421 2407 1638 2493 vult,
1688 2422 1781 2476 ut
1812 2397 2133 2500 publice
2162 2396 2517 2499 magistri

411 2511 978 2592 conducantur
1049 2509 1188 2594 sed
1263 2509 1637 2602 collata
1707 2501 2143 2618 pecunia
2213 2525 2512 2613 paren-

409 2626 630 2697 tum,
709 2606 1006 2707 quibus
1060 2630 1248 2679 eam
1312 2609 1439 2706 ob
1470 2630 1785 2679 causam
1832 2603 1989 2717 jus·
2006 2600 2669 2719 conducendis»

382 2706 1041 2806 relinquendum
1090 2706 1229 2799 sit3
1299 2703 1671 2807 parentes
1723 2731 1920 2781 vero
1968 2704 2177 2803 ipsos
2225 2705 2342 2777 ita
2390 2695 2514 2779 al·-

412 2808 815 2904 loquitur:
866 2807 1425 2904 „Quantulum
1475 2830 1592 2880 est
1641 2831 1867 2908 erg0,
1918 2811 2213 2886 collata
2260 2829 2514 2918 pecu-

413 2910 556 2983 nia
596 2915 1058 2984 conducere
1104 2909 1715 3024 praeceptor-ese
1765 2908 2151 3005 quodque
2177 2931 2398 2980 nunc
2421 2905 2511 2980 in

318 3109 325 3114 ἱ
413 3010 990 3110 habitationes,
1055 3009 1144 3084 in-
1182 3010 1524 3104 viatica,
1588 3009 1675 3083 in
1727 3031 1857 3101 ea,
1925 3033 2132 3108 quae
2179 3031 2511 3119 peregre

363 3116 834 3205 '‘emuntur‚
883 3151 982 3171 --
1033 3131 1134 3172 '·--
1180 3111 1676 3212 impenditis,
1740 3109 2079 3210 adjicere
2127 3106 2514 3196 mercedi-

402 3213 678 3318 ‘busim
724 3235 729 3242 ·
775 3218 1019 3290 Unde
1070 3214 1303 3289 simul
1351 3213 1752 3305 videmus,
1796 3211 2222 3312 pecuniam
2268 3210 2517 3302 illam,
2617 3285 2622 3289 ,

412 3340 630 3415 quae
700 3322 807 3393 ad
889 3309 1488 3392 conducendos
1533 3335 2087 3415 praeceptores
2163 3312 2513 3386 conferri
2562 3346 2571 3354 ·
2628 3310 2638 3316 ’

416 3422 800 3509 debebat,
861 3444 1044 3492 cum
1090 3416 1586 3514 mercedibus
1638 3416 2070 3492 doctrinae
2096 3440 2272 3487 non
2319 3438 2516 3487 con-

413 3521 915 3596 fundendam
967 3545 1155 3593 esse.
1255 3513 1387 3591 Ab
1421 3502 1842 3591 Antonino
1868 3516 2015 3618 Pio
2047 3541 2193 3631 per
2242 3539 2530 3619 omnes

415 3621 907 3717 provincias
922 3618 1208 3695 salaria
1236 3609 1801 3737 professoribus
1835 3611 2274 3717 constituta
2301 3635 2517 3707 sunt,

412 3722 568 3795 [αἱ.
624 3719 943 3819 Capitol.
1009 3722 1194 3795 Ant.
1247 3722 1439 3795 Pius
1508 3746 1575 3792 c.
1613 3745 1679 3792 ι
1702 3746 1766 3794 ι.
1751 3774 1810 3810 .,
1888 3726 2109 3842 quod
2170 3745 2273 3792 ex
2337 3742 2516 3790 mea

404 3820 736 3921 quidem
784 3819 1188 3903 sententia
1236 3826 1369 3903 vel
1421 3842 1742 3921 partem
1774 3820 1965 3952 fecit
2013 3828 2177 3919 ejus
2217 3817 2513 3913 consti-3
