2740 4661
1158 244 1450 377 AL

222 480 601 578 patescet.
749 457 1010 564 Igitur
1070 465 1172 535 de
1232 459 1633 565 singulis
1639 468 1869 539 ¹'nunc
1946 457 2338 541 disseren-

227 568 424 639 dum
475 563 650 638 erit.
1089 623 1094 627 .
2309 604 2314 609 ,

425 666 553 739 Ut
621 692 672 740 a
734 663 1416 781 grammaticis
1504 628 1824 739 initium
1899 664 2331 766 capiamus,

222 756 834 882 distinguuntur
879 766 1375 868 grammatici
1426 766 1782 841 Graeci
1847 767 2046 841 sive
2080 767 2338 843 Atti·

228 895 396 944 cae
460 868 985 945 doctrinae
1050 890 1133 943 et
1191 867 1542 943 Latini
1585 869 1771 949 sive
1832 870 2349 944 Romanae*
2403 908 2408 915 ·

230 969 620 1046 doctrin
644 980 805 1080 ae,
887 992 972 1043 et
1047 970 1191 1068 qui
1266 993 1714 1071 utrumque
1802 968 2336 1085 amplectitur,

225 1070 784 1188 grammaticus
794 1063 1285 1147 eruditionis
1317 1098 1456 1146 seu
1483 1072 1999 1146 institutionis
2036 1071 2337 1146 utrius-

226 1197 393 1272 que
444 1172 756 1247 dicitur.
855 1175 960 1250 L.
1005 1196 1043 1246 1
1057 1200 1122 1250 1.
1168 1177 1345 1251 cod.-
1382 1168 1654 1250 Thecd.
1673 1178 1777 1246 de
1803 1178 1999 1245 med
2030 1188 2103 1244 et
2120 1175 2338 1272 pros

224 1277 500 1370 (XIII.
528 1277 603 1351 ὅ.
611 1276 642 1368 )
669 1276 739 1348 ·.Ζ
796 1269 1065 1356 15.18.
1100 1277 1182 1353 C.
1221 1278 1358 1352 772.
1393 1279 1487 1347 de
1526 1279 1905 1348 extraord·
1942 1276 2097 1348 sive
2136 1279 2340 1351 sord.

226 1391 367 1452 etc.
392 1379 573 1467 (XI.
610 1375 786 1470 16.)
855 1379 1011 1450 Jul;
1059 1378 1462 1474 Capitolin-
1507 1380 1753 1450 Verus
1795 1402 1863 1446 c
1894 1399 1964 1448 2.
2064 1376 2334 1451 Minus

188 1476 318 1550 'in
365 1476 727 1555 fontibus
777 1474 971 1578 juris
1038 1498 1287 1575 quam
1345 1477 1434 1550 in
1497 1475 1671 1561 aliis
1719 1498 2103 1589 veterum
2128 1476 2335 1553 scri-

226 1577 471 1687 ptis,
525 1577 673 1654 etsi
744 1577 1200 1679 posterioris
1276 1578 1597 1672 aetati3‚
1693 1572 2186 1679 grammatici
2260 1594 2392 1655 et‘

227 1670 856 1756 litteratores
907 1685 1463 1795 appellantur,
1508 1679 1624 1753 ita
1672 1702 1768 1753 ut
1814 1703 2116 1754 eorum
2133 1703 2340 1777 quo-

224 1802 392 1882 que
438 1787 749 1858 eadem
763 1781 865 1859 sit
911 1780 1338 1859 distinctio,
1403 1782 1610 1857 Ael.
1660 1784 2103 1880 Lamprid.
2093 1783 2341 1854 Gom·
2412 1804 2418 1817 ·

168 1880 175 1885 ’
228 1888 431 1978 mod.
490 1884 815 1961 Anton
847 1908 915 1959 ο.
1001 1908 1068 1962 1.
1182 1886 1339 1959 Jul.
1415 1885 1813 1982 Capitolia.
1867 1884 2340 1956 Maximinus

219 1986 394 2085 jun.
448 2006 631 2061 e.1.
730 1984 1045 2083 Quarto
1105 1972 1461 2060 saeculo
1487 1982 2009 2101 grammatici
2043 1982 2346 2059 Graeci

228 2087 324 2161 in
390 2086 674 2163 Galliis
732 2086 993 2187 jam
1012 2087 1348 2162 rariores
1418 2086 1658 2162 facti
1688 2112 1851 2162 esse
1931 2078 2341 2181 videntur,

228 2208 489 2287 quum
513 2189 712 2288 Imp.
745 2187 1178 2265 Gratianus
1220 2187 1315 2260 in
1358 2191 1540 2288 lege
1578 2186 2090 2273 celeberrima
2109 2239 2130 2278 ,
2181 2210 2344 2285 qua

228 2296 335 2366 de
386 2289 779 2366 nobilium
836 2283 1370 2392 professorum
1436 2287 1831 2365 electione
1893 2288 1981 2360 in
2032 2288 2342 2363 Gallia*-

228 2413 416 2467 rum
472 2391 840 2487 urbibus,
928 2417 1142 2491 quae
1199 2395 1680 2491 metropoles
1737 2399 2351 2504 nuncupantur,

231 2493 542 2609 agitur,
596 2493 1100 2600 grammatici
1146 2493 1437 2570 Gracci
1481 2491 1972 2566 mentionem
2022 2489 2350 2589 quidem

229 2596 485 2671 faciat
526 2602 664 2670 sed
713 2602 965 2696 verba
1013 2601 1299 2672 addat:
1351 2594 1464 2699 „si
1514 2595 1657 2693 qui
1685 2594 1973 2697 dignus
2009 2591 2349 2692 reperiri

228 2698 683 2799 potuerit“;
748 2699 829 2774 I.
864 2724 891 2771 1
915 2724 978 2772 1.
1036 2700 1117 2773 Ο.
1178 2698 1312 2771 Th.
1366 2691 1460 2769 de
1510 2702 1707 2775 med.
1758 2708 1832 2769 et
1880 2695 2132 2794 prof.‚·
2199 2715 2351 2778 ιω·-

232 2821 424 2874 men
470 2818 670 2875 vero
712 2801 810 2872 in
855 2797 1222 2900 pluribus
1265 2798 1716 2873 Galliarum
1755 2797 2085 2873 urbibus
2103 2794 2358 2869 fuisse

191 2906 510 3001 ὓειΠιιιεςι
557 2901 1036 2977 litteratores
1076 2901 1419 2975 Graecos
1472 2923 1765 2998 eosque
1810 2919 1986 2974 non
2037 2895 2356 2999 ignobi-

234 3007 392 3097 les,
466 3001 807 3078 Ausonii
871 3004 1482 3081 Professores
1545 3000 1728 3076 satis
1796 3006 2363 3115 demonstrant,

236 3106 332 3179 in
379 3105 675 3210 quibus
721 3127 1080 3219 praeter
1089 3109 1445 3188 rhetores
1474 3124 1558 3178 et
1601 3102 2161 3203 grammaticos
2187 3101 2360 3173 La-

236 3206 454 3282 tinos
474 3261 496 3300 ,
544 3199 926 3282 nonnulli
975 3205 1215 3282 etiam
1267 3204 1760 3306 grammatici
1805 3204 2100 3278 Graeci
2149 3206 2361 3275 cele-

235 3312 603 3386 brantur.
701 3310 987 3386 Auson.
1012 3309 1377 3400 Profe-ss.
1436 3309 1677 3382 VIII.
1731 3308 1974 3380 XIII.
2028 3306 2254 3376 XXI.

282 3437 298 3444 ··
354 3479 367 3492 ,
444 3412 1004 3487 Rhetorum
1074 3432 1409 3507 quoque
1488 3407 1630 3483 alii
1704 3428 1892 3483 sunt
1957 3402 2359 3495 Graeci,

236 3512 384 3589 alii
444 3513 831 3589 Latini·
933 3511 1100 3611 Qui
1171 3534 1597 3610 utramque
1676 3516 1910 3585 docet
1971 3510 2388 3603 ιιΙοιῙιιιιιι-ἱ

235 3615 432 3690 tiam
455 3669 478 3710 ,
544 3621 829 3691 rhetor
880 3612 1356 3691 eruditionis
1410 3619 1550 3688 seu
1596 3606 2114 3687 institutionis
2162 3609 2363 3680 utri·

237 3739 499 3815 usque
549 3722 1085 3833 appellatur,
1118 3733 1203 3791 et
1252 3738 1508 3812 quum
1558 3741 1732 3790 non
1779 3709 1919 3787 alii
1970 3709 2132 3786 sint
2176 3714 2370 3785 rhe-

237 3838 458 3897 tores
496 3820 693 3898 nisi
713 3818 1005 3898 Graeci
1050 3838 1155 3900 et
1188 3816 1474 3894 Latini
1492 3871 1514 3909 ,
1573 3823 1953 3993 rhetores3
1984 3811 2369 3889 eruditio-
