2740 4661
1303 229 1414 309 62

304 463 642 541 eamque
713 436 1049 544 perinde
1124 466 1392 544 atque
1450 445 1660 523 alias
1720 443 2048 546 injurias
2120 446 2398 550 puniri

295 547 544 664 jubet.
641 547 840 620 Mihi
891 569 1161 625 autem
1211 555 1413 623 haec
1447 549 2138 655 interpretationis
2188 553 2399 626 ratio

299 648 643 724 maxime
693 649 1015 726 arridet.
1113 651 1309 722 Inde
1348 664 1416 724 a
1462 642 1976 733 Diocletiani
2017 654 2408 751 tempori·
2440 648 2452 687 ⁴·

295 754 465 824 bus
493 773 722 827 vetus
775 751 1003 826 illud
1028 751 1448 825 discrimen
1512 753 1722 826 inter
1784 752 1931 850 jus
2001 775 2114 828 et
2145 755 2405 846 judi-

296 853 547 926 oium
637 853 885 952 'magis
968 854 1381 954 magisque
1452 853 1964 946 evanuisse,
2053 877 2395 935 constat.

293 954 600 1053 Heffter
647 958 715 1025 l.
742 959 833 1030 Ζ.
853 983 944 1051 Ρ.
999 961 1171 1053 287.
1281 954 1463 1036 Jam
1525 955 1806 1035 etiam
1803 956 1913 1027 in
1969 972 2134 1052 Jus·
2155 982 2401 1053 voea—
2501 1050 2504 1051 γ

289 1056 444 1148 tio,
494 1055 640 1131 etsi
674 1055 828 1130 illa
872 1074 1136 1130 aetate
1160 1062 1524 1145 nondum
1546 1056 2008 1172 prohibita,
2038 1076 2394 1174 attamen

290 1156 579 1253 sensim
625 1157 1080 1254 sensimque
1144 1157 1235 1230 in
1285 1159 1884 1235 desuetudinem
1939 1158 2219 1235 abiisse
2265 1161 2396 1237 vi·-

292 1264 566 1373 detur,
615 1259 732 1334 ita
783 1261 1143 1359 quidem,
1206 1280 1301 1331 ut
1353 1257 1523 1357 ejus
1567 1264 1747 1334 loeo
1799 1263 2194 1339 celebrata
2244 1268 2388 1335 de·-

284 1359 797 1436 nuntiatione
862 1361 959 1438 lis
1002 1360 1521 1454 „exordium
1559 1361 2126 1461 auspicaretur.
2144 1367 2186 1406 ‘⁴
2285 1367 2388 1442 L

287 1487 361 1540 2.
410 1471 488 1548 Δ.
546 1466 626 1537 C.
703 1464 838 1540 271.
883 1467 1000 1535 de
1062 1466 1480 1538 denuntiat.
1529 1465 1665 1536 vel
1689 1466 1832 1536 ed.¹
1888 1490 2074 1541 msc.
2103 1464 2252 1542 ..II
2313 1473 2390 1550 4.

281 1570 403 1642 ed.
450 1567 528 1641 C.
580 1563 671 1636 F.
714 1565 811 1636 -.C
873 1568 1181 1641 Wenck.
1282 1562 1536 1643 Initio
1551 1568 1826 1646 autem
1852 1569 2064 1646 hano
2092 1591 2393 1640 novam

283 1664 956 1742 denuntiationis
994 1667 1332 1740 formam
1393 1686 1567 1739 tum
1624 1671 1894 1740 solum
1947 1667 2392 1743 adhibitam

285 1796 485 1861 esse,
537 1788 801 1879 quum
821 1788 1115 1842 contra
1164 1791 1556 1865 personas
1595 1766 2094 1853 honestiores
2146 1795 2396 1870 agen·
2452 1779 2460 1784 ’

287 1877 479 1945 dum
531 1868 765 1961 esset,
840 1869 1252 1965 probabile
1295 1886 1463 1984 ‘esu‘
1537 1892 1789 1965 quum
1838 1868 2156 1947 viliore-s
2200 1897 2389 1970 per-

285 1996 528 2071 sonae
593 1970 915 2046 diutius
958 1976 1225 2047 adhuc
1291 1969 1378 2044 in
1438 1968 1576 2068 jus
1609 1993 2170 2064 vocarentur,
2219 1973 2388 2053 sive

276 2095 413 2148 ut
406 2079 637 2179 leges
698 2073 1186 2173 posteriores
1234 2071 1556 2164 dicunt,
1632 2075 1737 2153 ad
1796 2070 2196 2171 judicium
2244 2080 2385 2161 de-

280 2171 771 2251 ducerentur
816 2180 997 2251 vel
1029 2173 1623 2255 exhiberentur.
1751 2173 2050 2289 Igitur,
2121 2196 2238 2249 ιιι
2268 2179 2428 2251 ad⁴

170 2302 175 2307 ’
275 2282 537 2381 legem
584 2298 941 2360 nostram
974 2294 1540 2372 revertamur,
1591 2275 2164 2354 Constantinus
2211 2301 2381 2352 non

158 2479 163 2484 ἱ
278 2402 818 2456 sacrosanctos
860 2382 1358 2480 professores
1420 2404 1517 2453 ao
1565 2378 1921 2454 medicos
1994 2379 2386 2460 reddidis-
2493 2407 2500 2412 ’
2563 2395 2566 2398 ’

282 2509 401 2576 se,
486 2488 624 2558 sed
690 2488 846 2556 hoc
909 2483 1243 2556 maxime
1309 2479 1698 2556 voluisse
1716 2480 2074 2573 videtur,
2159 2504 2254 2556 ut
2311 2482 2385 2557 si

276 2586 482 2681 quis
532 2584 632 2656 in
713 2585 1239 2698 professorem
1300 2581 1680 2679 aliquem
1769 2604 1913 2656 aut
1985 2584 2378 2658 medicum
2431 2620 2436 2626 ¹

273 2710 511 2802 agere
550 2688 832 2779 vellet,
907 2710 1040 2759 eos
1091 2705 1185 2757 ut
1232 2708 1630 2797 personas
1663 2682 2156 2759 honestiores
2203 2691 2378 2760 non

198 2838 207 2845 -
272 2786 410 2857 in
385 2801 506 2886 Jus
537 2811 827 2862 vocare
860 2791 1233 2878 auderet,
1283 2792 1419 2869 sed
1463 2783 1729 2883 potius
1762 2786 2380 2862 denuntiatione
2433 2789 2436 2796 ’

274 2909 691 2965 uteretur..
764 2886 1262 2970 Justinianus
1311 2908 1593 3001 postea
1642 2912 1912 2961 omnes
1939 2890 2379 2964 exhibitio-

272 3013 413 3065 nes
464 3015 789 3063 reorum
849 2987 1296 3090 prohibuit
1317 3012 1434 3064 -et
1462 2987 1551 3060 in
1602 2990 1818 3063 Nov.
1858 2984 2019 3066 151.
2075 2990 2242 3088 cap:
2306 3017 2370 3061 ι.
2407 3073 2416 3076 ,

271 3101 551 3208 aperte
581 3090 812 3165 dicit.
862 3093 1074 3186 „Nos
1123 3130 1224 3147 —-
1273 3109 1591 3207 omnem
1637 3091 2238 3187 perductionem
2280 3090 2371 3163 in
2430 3125 2454 3155 .=

266 3192 388 3295 jus
469 3192 1211 3291 exhibitionemque
1289 3194 1378 3265 in
1461 3189 1757 3290 judicio
1829 3217 2307 3272 aversamur.
2319 3194 2369 3236 ‘⁶

268 3295 574 3396 Heffter
622 3298 690 3370 l.
743 3297 796 3371 Z.
839 3324 926 3392 Ρ.
979 3320 1153 3389 292·
1254 3293 1582 3370 Exinde
1651 3316 1924 3370 autem
1987 3293 2373 3394 sequitur,
2483 3337 2486 3340 -

267 3420 363 3472 ut
419 3403 613 3494 lege
630 3397 703 3472 6.
759 3398 962 3469 Cod..
982 3400 1178 3471 Just.
1231 3402 1325 3470 de
1367 3395 1576 3495 prof.
1638 3409 1748 3467 et
1774 3402 1967 3474 med.
1984 3451 2008 3489 ‚
2082 3418 2373 3493 quate-

190 3541 197 3547 ·
269 3524 422 3573 nus
473 3524 573 3574 ea
618 3500 1096 3612 professores
1149 3521 1228 3573 et
1277 3496 1622 3572 medicos
1671 3504 1775 3573 ad
1798 3494 2182 3613 judicium
2227 3504 2371 3576 de·-

271 3599 459 3676 duci
501 3604 643 3677 vel
682 3599 1044 3690 exhiberi
1091 3623 1347 3696 vetet,
1405 3595 1771 3699 personis
1836 3600 1989 3673 illis
2029 3602 2367 3676 nullum

212 3789 215 3797 ,
265 3701 386 3803 jus
436 3704 960 3821 praecipuum
1010 3702 1471 3819 tribuatur‚
1538 3707 1675 3794 sed
1724 3705 2002 3804 regula
2052 3722 2369 3782 tantum
2493 3780 2499 3786 x

265 3803 689 3908 generalis
685 3806 900 3911 juris
947 3805 998 3892 J
999 3823 1430 3884 ust1n1ane1
1475 3803 1570 3885 in
1614 3826 1917 3918 certum
1960 3807 2367 3914 quoddam
