2740 4661
1328 263 1628 346 '20>

324 508 329 521 ·
418 479 834 556 hominum
882 476 1350 567 auctoritate
1366 531 1389 569 ,
1453 477 1595 574 qui
1637 473 2200 552 existimabant
2249 473 2507 575 Grae-

424 583 534 658 cis
609 563 1305 657 exercitationibus
1369 578 1510 651 ali
1541 579 1815 651 melius
1876 576 2197 678 ingenia
2253 572 2506 673 posse.

422 684 624 756 Suet.
671 686 724 753 l.
758 686 804 753 l.
846 707 910 753 c.
945 707 1012 756 2
1112 679 1265 754 Sed
1295 680 1571 754 Cicero
1612 703 1968 774 quoque,
2019 686 2509 775 quamquam

426 790 522 857 ad
561 806 1017 884 praeturam
1053 805 1307 878 usque
1345 783 1649 855 Graece
1683 787 2301 869 declamaverat‚
2382 803 2507 850 se-

422 885 605 960 nior
629 886 923 958 Latine
964 883 1441 958 declamavit
1467 905 1546 956 et
1582 881 2039 955 nobilissimi
2076 879 2267 969 viri,
2329 881 2509 952 vel-

422 987 545 1060 uti
573 978 859 1083 Cnejus
888 986 1341 1082 Pompejus,
1388 985 1699 1067 Marcus
1729 982 2164 1073 Antonius,
2220 977 2510 1080 Augu-2
2605 1072 2614 1078 ἡ
2665 1080 2682 1085 -

421 1109 584 1164 stus
624 1089 791 1185 ipse
828 1085 1347 1160 declamandi
1364 1085 1922 1160 consuetudini
1968 1110 2045 1157 se
2070 1088 2510 1163 ⁹-dederunt

421 1188 810 1304 Magnum
861 1187 1101 1287 igitur
1141 1186 1375 1282 hujus
1423 1186 1610 1261 artis
1663 1186 2005 1263 studium
2058 1168 2508 1257 hominibus
2579 1270 2586 1274 ⁸

422 1287 802 1388 injectum
843 1311 993 1378 est,
1057 1315 1348 1405 magna
1389 1289 1622 1362 etiam
1666 1289 2198 1389 professorum
2228 1309 2323 1357 ac
2359 1288 2508 1355 do·

422 1412 738 1483 ctorum
744 1389 1147 1487 profluxit
1173 1391 1406 1490 copia
1432 1396 1794 1485 adeoque
1826 1389 2132 1480 floruit,
2180 1406 2272 1457 ut
2295 1407 2513 1456 non-

420 1494 651 1565 nulli
672 1517 799 1565 ex
864 1489 1186 1562 infima
1210 1491 1572 1573 fortuna
1598 1492 1684 1561 in
1761 1489 2118 1563 ordinem
2191 1508 2513 1582 senato·-

316 1645 329 1655 -
419 1592 628 1668 rium
694 1613 937 1685 atque
990 1596 1092 1662 ad
1158 1615 1493 1665 summos
1550 1596 1889 1664 honores
1955 1587 2504 1691 processerint
2567 1676 2580 1689 N

423 1695 625 1766 Mox
675 1690 1074 1763 rhetorica
1125 1690 1362 1765 etiam
1413 1691 1498 1764 in
1549 1692 2024 1791 provincias
2053 1690 2512 1764 occidenta-
2610 1776 2628 1786 ,

355 1872 358 1877 ,
425 1798 548 1868 les
583 1791 932 1889 transiit,
983 1812 1063 1863 et
1108 1792 1263 1889 jam
1315 1792 1401 1864 in
1435 1792 1776 1906 singulis
1828 1793 2278 1867 civitatibus
2328 1802 2513 1881 sen-

354 1911 360 1916 “
422 1895 567 1972 sim
620 1893 1084 1991 sensimque
1119 1893 1319 1966 ludi
1339 1893 1716 1968 rhetorici
1768 1894 2024 2012 aperti
2071 1913 2277 1966 sunt.
2345 1930 2348 1933 ·

544 2068 549 2075 ,
625 1993 776 2068 Sed
823 1996 1084 2067 Roma
1163 2021 1310 2093 per
1370 2000 1701 2110 longum
1732 2019 2071 2109 ’tempus
2119 1995 2374 2106 prima
2422 1978 2513 2063 in
2611 2078 2618 2083 .

372 2112 373 2117 ’
424 2090 1059 2177 occidentalibus
1084 2097 1430 2171 Romani
1473 2097 1780 2212 imperii
1818 2097 2173 2196 partibus
2216 2093 2542 2168 utrius--

422 2223 586 2298 que
651 2197 836 2291 artis
901 2197 1178 2270 nutrix
1237 2201 1673 2312 permansit
1733 2224 1887 2274 nec
1936 2226 2162 2275 raro
2182 2223 2288 2270 ex
2339 2195 2512 2270 aliis
2610 2288 2619 2298 Δ

425 2288 913 2378 civitatibus
928 2301 1267 2398 Romam
1315 2300 1734 2392 miserunt,
1806 2323 1898 2376 ut
1959 2319 2509 2400 praeceptores

423 2403 728 2503 publici
758 2400 909 2477 illis
952 2427 1160 2515 prov
1163 2396 1595 2480 iderentur.
1693 2404 1881 2477 Non
1928 2403 2277 2477 alienum
2327 2426 2396 2473 a
2419 2425 2508 2472 re

421 2504 845 2596 videtur,
869 2504 1358 2596 mentionem
1433 2504 1813 2602 epistolae
1888 2500 2548 2619 elegantissimae.

422 2603 783 2702 injicere,
835 2626 999 2698 qua
1025 2603 1330 2676 Plinius
1372 2604 1809 2693 Secundus,
1857 2607 2295 2720 municlpes
2331 2626 2508 2676 suos

370 2745 375 2748 ·
422 2727 613 2778 ante
664 2712 1060 2795 hortatus,
1110 2727 1204 2776 ut
1252 2710 1600 2809 scholam
1631 2705 2079 2810 publicam
2058 2730 2147 2779 ιιι
2185 2702 2505 2780 civitate

433 2799 806 2879 Comensi
854 2804 1394 2921 instituerent,
1444 2834 1549 2880 ne
1603 2805 1806 2883 filios
1840 2810 2279 2881 studiorum
2315 2829 2510 2900 cau·-
2597 2893 2603 2900 .

426 2932 523 2981 ca
583 2906 1128 2992 Mediolanum
1187 2908 1500 2982 mittere
1562 2908 1820 2986 coacti
1886 2933 2181 3000 essent,
2265 2907 2504 2981 etiam
2595 2905 2598 2916 ⁴

318 3019 325 3024 ’
425 3008 742 3081 tert-iam
790 3031 1103 3089 sumtus
1169 3033 1478 3111 partem
1544 3012 1976 3126 pollicituS,
2052 3009 2508 3100 Cornelium

316 3208 325 3213 .
425 3104 811 3183 Tacitum
837 3132 1141 3215 rogat,
1178 3136 1270 3185 ut
1311 3139 1413 3184 ex
1442 3112 1674 3227 copia
1701 3114 2247 3228 studiosorum,
2296 3135 2530 3210 quae⁸
2578 3199 2600 3208 Δ,

421 3216 529 3285 ad
581 3236 764 3283 eum
812 3234 917 3282 ex
969 3212 1492 3287 admiratione
1540 3214 1840 3314 ingenii
1890 3214 1976 3286 in
2026 3218 2245 3288 Urbe
2311 3237 2508 3286 con-

426 3311 736 3404 veniat,
808 3312 1368 3428 praeceptores
1448 3338 1645 3411 quos
1712 3315 2133 3394 sollicitare
2207 3311 2510 3412 possint

424 3412 1029 3512 circumspiciat
1083 3418 1330 3512 Epp.
1397 3418 1451 3486 Ι
1450 3420 1544 3489 V
1628 3420 1739 3491 15.
1836 3418 1948 3490 Et
1997 3418 2072 3492 S
2126 3414 2509 3518 Augusti·-

422 3538 574 3603 nus
624 3538 955 3612 quoque
1001 3539 1313 3607 narrat,
1386 3519 1740 3615 tempore
1790 3543 1932 3591 suo
1982 3478 2308 3592 missum
2348 3533 2506 3591 esse

291 3673 313 3716 4
420 3640 472 3687 a
519 3600 978 3718 Mediolano
1027 3619 1405 3709 Romam,
1450 3624 1553 3693 ad
1579 3620 2092 3694 Praefectum
2105 3618 2364 3709 Urbis,
2410 3633 2504 3689 ut

419 3714 589 3788 illi
586 3695 919 3792 civitati
982 3719 1410 3796 rhetorices
1485 3719 1886 3820 magister.
1928 3722 2528 3836 provideretur,
2591 3805 2594 3810 ⁵

416 3817 984 3919 impertitaque
1048 3821 1475 3900 evectione
1511 3822 1834 3923 publica
1899 3849 1980 3897 se
2015 3823 2289 3924 ipsum
2333 3845 2500 3896 am·-

221 4258 227 4266 .

131 4283 613 4432 Μμ

570 4417 601 4440 ,ὀ
