2740 4661
1231 240 1345 321 47

239 461 466 539 Inter
540 457 1051 576 philosophos
1125 487 1399 555 vero‚·
1441 456 1731 559 quibus
1789 477 2002 534 tunc
2070 452 2331 537 Roma

239 564 669 659 Italiaque
706 562 1218 636 interdictum
1292 584 1447 655 est,
1517 561 1929 675 Epictetus
2006 587 2332 659 quoque

236 665 439 758 fuit,
486 662 632 761 qui
676 663 1111 764 Nicopolin
1154 666 1418 738 Roma
1468 661 1834 756 decessit,
1915 665 2110 735 G-ell.
2164 662 2335 744 XV

248 792 284 839 1
307 793 365 841 1.
347 819 404 859 .‚
482 791 843 840 reversus
907 788 1206 839 autem
1232 768 1334 838 ab
1398 764 1816 839 Hadriano
1886 762 1975 834 in
2034 790 2344 841 summa

190 926 193 933 .
240 865 782 944 familiaritate
822 868 1151 941 habitus
1202 889 1343 941 est·
1443 866 1616 939 Ael.
1647 868 1909 971 Spart.
1936 869 2338 941 Hadrian:

251 970 375 1045 16.
511 968 665 1041 Sed
739 968 1141 1067 posterior
1209 991 1536 1066 quoque
1610 989 1824 1041 aetas
1890 965 2334 1041 inclemen-

243 1092 371 1147 ter
433 1074 927 1185 quandoque
991 1071 1466 1170 professores
1527 1069 1973 1143 litterarum
2035 1069 2342 1145 habuit.

243 1173 522 1270 Quum
569 1171 787 1257 enim
831 1175 1029 1271 Imp.
1081 1170 1651 1265 Constantinus
1702 1166 1791 1243 in
1838 1172 2001 1266 lege
2063 1197 2126 1246 ι.
2165 1173 2232 1268 §.
2267 1197 2339 1251 2.

248 1278 431 1347 cod.
490 1270 767 1349 ἸῚιεοιί.
820 1277 914 1344 de
965 1278 1183 1347 med..
1209 1287 1282 1345 et
1319 1275 1529 1371 prof.
1583 1267 1793 1347 XIII.
1825 1273 1900 1346 5.
1948 1273 2004 1347 l.
2036 1271 2106 1346 6.
2159 1276 2341 1365 Cod.

242 1378 442 1450 Just.
495 1377 589 1445 de
626 1374 837 1472 prof.
890 1388 965 1445 et
1013 1378 1208 1447 med·
1242 1302 1377 1453 X.P
1383 1373 1504 1452 52.
1543 1370 1941 1447 mercedes
1987 1356 2341 1472 discipli-

248 1501 409 1551 nae
458 1464 1025 1574 professoribus
1075 1476 1301 1551 reddi
1346 1472 1655 1575 jubeat,
1726 1473 1915 1546 inde
1966 1474 2339 1574 colligere

242 1578 475 1670 licet,
548 1582 689 1652 has
754 1582 1151 1652 mercedes
1211 1599 1686 1652 cunctanter
1746 1596 2341 1693 nonnunquam

164 1758 181 1777 „
247 1700 395 1754 aut
442 1681 770 1753 omnino
819 1700 991 1752 non
1037 1679 1126 1752 iis
1158 1683 1451 1753 solutas
1490 1704 1675 1754 esse.
1773 1677 1884 1750 Et
1914 1682 2074 1751 huc
2099 1680 2339 1752 etiam

245 1785 625 1880 querelae
686 1780 761 1853 S.
824 1779 1256 1882 Augustini
1315 1801 1717 1880 spectant,
1789 1779 1956 1876 qui
1993 1801 2159 1855 tarn
2219 1806 2343 1856 se-

249 1886 446 1957 dulo
488 1900 797 1984 egerat,
861 1903 956 1955 ut
1007 1883 1315 1971 Romae
1366 1905 1619 1956 artem
1665 1879 2146 1956 rhetoricam
2195 1887 2344 1957 do·-

246 2004 494 2062 ceret.
592 1984 827 2083 „Non
877 1982 1094 2076 ideo,
1141 1982 1258 2057 ait
1311 1985 1637 2076 Censes-s.
1669 1987 1769 2058 V.
1808 1996 1881 2067 8.
1862 2035 1923 2076 .,
1990 1982 2343 2060 Romam

248 2109 583 2199 pergere
633 2083 898 2178 volui,
976 2090 1200 2182 quod
1245 2083 1578 2199 'majores
1628 2106 2005 2181 quaestus
2051 2084 2345 2187 major-

247 2212 413 2286 que
464 2184 659 2260 mihi
712 2185 1054 2286 dignitas
1116 2188 1218 2260 ab
1280 2185 1549 2261 amicis
1612 2185 1759 2281 qui
1827 2190 1984 2260 hoe
2056 2193 2345 2261 suade-
2449 2198 2456 2202 ’

248 2293 452 2368 bant
508 2287 1158 2404 promittebatur,
1231 2325 1328 2344 -
1381 2324 1485 2343 -——·
1533 2290 1670 2361 sed
1729 2283 1872 2362 illa
1924 2309 2096 2363 erat
2143 2310 2345 2368 tunc

249 2416 494 2469 causa
541 2390 894 2467 maxima
943 2411 1023 2464 et
1070 2414 1281 2489 pene
1330 2392 1536 2481 sola,
1610 2394 1835 2485 quod
1897 2389 2349 2488 audiebam,

252 2491 599 2609 quietius
647 2491 760 2565 ibi
805 2497 1120 2568 studere
1169 2494 1710 2566 adolescentes
1748 2512 1830 2564 et
1859 2490 2349 2607 ordinatiore

252 2593 723 2694 disciplinae
772 2593 1252 2671 coercitione
1249 2587 1561 2686 sedari,
1609 2615 1715 2666 ne
1764 2591 1855 2666 in
1902 2590 2066 2693 ejus
2111 2602 2373 2671 scho-'

249 2701 450 2789 lam,
542 2720 709 2792 quo
771 2695 1165 2797 magistro
1206 2720 1378 2770 non
1440 2716 1819 2789 utuntur,
1904 2696 2193 2796 passim
2265 2720 2350 2774 et

255 2818 638 2898 proterve
671 2796 1035 2911 irruant,
1080 2822 1236 2872 nec
1284 2800 1417 2873 eos
1458 2797 1768 2873 admitti
1796 2798 2148 2893 omnino,
2193 2798 2350 2877 nisi

250 2900 391 2973 ille
438 2896 906 2998 permiserit.
1005 2900 1263 2988 (0121.
1328 2901 2094 2976 1000d.'.172e0d.de
2143 2907 2344 2978 stud.

254 3000 467 3076 liber.
529 3001 691 3078 urb,
744 3003 849 3072 R.
899 3012 973 3071 et
1041 3003 1285 3076 comt.
1351 2997 1435 3075 X
1430 2998 1555 3075 IV
1609 3026 1681 3098 9.
1745 3027 1914 3073 cum
1977 3027 2350 3078 commen—

251 3102 459 3175 tario
517 3104 811 3197 egregio
868 3105 1140 3179 Herm.
1213 3103 1645 3197 Conringii·)
1762 3103 2066 3178 Contra
2139 3092 2353 3204 apud

253 3200 822 3303 Carthaginem
871 3203 1106 3278 foeda
1152 3226 1271 3278 est
1311 3225 1394 3278 et
1441 3203 1979 3304 intemperans
2025 3205 2355 3283 licentia
2450 3269 2458 3278 .

251 3304 927 3382 scholasticorum.
1024 3307 1495 3404 Irruinpunt
1541 3306 2048 3420 impudenter
2096 3328 2178 3382 et
2206 3333 2349 3403 pe·-

252 3430 362 3479 ne
410 3405 699 3480 furiosa
761 3406 1025 3480 fronte
1088 3407 1565 3506 perturbant
1629 3407 2027 3499 ordinem,
2105 3431 2349 3504 quem.

255 3506 597 3605 quisque
658 3506 1062 3606 discipulis
1127 3514 1227 3584 ad
1293 3508 1873 3609 perficiendum
1934 3510 2300 3586 instituit
2302 3516 2354 3557 ‘⁶

253 3610 413 3687 Sed
438 3609 598 3686 alio
624 3614 801 3684 loco
854 3607 1200 3708 ejusdem
1246 3610 1431 3685 libri
1483 3616 1683 3711 (cap.
1725 3618 1874 3690 ιιι.)
1923 3611 2038 3686 ita
2070 3612 2350 3709 queri-

253 3731 424 3785 tur.
502 3712 762 3805 „Ecce
824 3734 1215 3829 cognosco
1278 3712 1439 3790 alia
1484 3715 1793 3789 Romae
1854 3711 2065 3806 fieri,
2136 3738 2349 3811 quae

248 3835 424 3890 non
494 3811 861 3914 patiebar
934 3816 1022 3888 in
1096 3813 1394 3895 Africa.
1545 3819 1752 3895 Nam
1828 3839 2095 3891 rerum
2175 3819 2346 3893 illas
