2740 4661
255 488 534 541 terum
568 468 841 553 duae,
870 485 1299 564 quantum
1317 458 1691 577 equidem
1738 459 2013 553 sciam,
2074 458 2354 537 disser-

252 569 763 643 tatiunculae
802 575 903 642 ad
957 575 1168 658 hanc
1217 575 1495 683 legem
1527 564 1865 663 scriptae
1915 585 2151 659 sunt;
2192 587 2351 638 una
2401 604 2405 609 ·

174 698 175 701 ¹
249 668 459 744 Alb.
487 668 865 761 Gentilis,
915 676 1169 745 altera
1216 673 1355 746 Fr
1400 664 1858 743 Eisenharti
1903 661 2062 761 jam
2112 686 2355 764 supra

250 778 618 949 kantiam,
652 795 868 869 quas
903 792 1173 846 tamen
1197 772 1644 847 nominasse
1670 762 2089 857 sufficiam·
2100 789 2355 862 quum

386 871 697 951 ‚Otto
721 894 1015 948 veram
1046 874 1291 954 illius
1320 869 1908 963 constitutionis
1967 866 2355 941 rationem

152 1044 155 1049 ,
250 875 463 1052 berie
500 973 815 1050 viderit
875 996 958 1049 et
1019 997 1206 1101 tam
1260 975 1616 1054 breviter
1669 996 1918 1071 quam
1989 968 2356 1044 distincte
2401 996 2406 999 ·

251 1072 819 1177 explicaverit.-
914 1110 923 1111 ἢ
1443 1120 1446 1129 ·
2141 1127 2146 1131 ·

328 1202 339 1237 ³
453 1178 608 1253 Sed
656 1181 885 1274 quod
914 1183 1031 1253 ad
1058 1112 1425 1253 medicos
1473 1174 1814 1269 attinet,
1838 1173 2123 1273 quaeri
2169 1128 2356 1274 pot-

253 1300 408 1372 est,
484 1275 694 1376 quid
756 1286 861 1352 de
912 1278 1358 1355 obstetrice
1423 1280 1852 1354 dicendum
1914 1276 2051 1368 sit,
2144 1299 2380 1373 quae.

251 1383 581 1482 utique
578 1381 1080 1455 medicinam
1128 1383 1505 1456 exhibere
1554 1377 1929 1456 videtur}>
2029 1377 2138 1450 Et
2186 1402 2356 1450 me-

254 1483 483 1562 dicos
523 1478 868 1557 fortassis
908 1482 1099 1581 quis
1147 1483 1486 1582 accipiet
1538 1480 1790 1556 etiam
1818 1494 1987 1572 eo‘S,
2036 1477 2202 1576 qui
2197 1477 2359 1551 ali-

255 1583 501 1682 cujus
526 1585 783 1683 partis
839 1585 1223 1684 corporis
1234 1590 1390 1659 vel
1452 1582 1649 1659 certi
1711 1582 2004 1657 doloris
2057 1578 2357 1654 sanita·

254 1708 419 1760 tem
454 1687 1044 1785 pollicentur,
1072 1706 1183 1760 ut
1226 1708 1436 1786 puta
1489 1691 1554 1760 si
1605 1685 1794 1784 quis
1830 1680 2358 1759 auricularius

251 1788 390 1879 sit,
461 1789 526 1862 si
574 1788 891 1863 fistulae
953 1793 1088 1865 vel
1138 1790 1559 1886 dentibus
1577 1786 2074 1861 curationem
2125 1776 2359 1858 adhi-

250 1890 487 1967 beat·=
597 1890 752 1964 Sed
823 1896 1027 1965 hoe
1069 1882 1385 1964 tantum
1433 1888 1820 1990 probari
1858 1908 2155 1987 potest,
2235 1885 2361 1959 his
2415 1906 2420 1915 ·

256 1990 624 2065 omnibus
687 1993 1056 2090 personis
1098 1994 1211 2065 de
1264 1992 1769 2066 mercedibus
1834 2008 2072 2064 extra
2142 1986 2360 2065 ordi-

258 2110 448 2166 nem
494 2091 614 2190 jus
666 2093 859 2185 dici,
910 2097 962 2169 ἰ.
1026 2118 1090 2169 ι.
1139 2096 1207 2189 §.
1263 2116 1332 2167 2.
1385 2097 1457 2174 5,
1508 2098 1619 2169 D.
1645 2098 1802 2164 de
1797 2095 2195 2164 mextraord
2227 2114 2360 2160 co-
2409 2120 2414 2123 Α

208 2197 469 2293 gnit.
423 2246 505 2287 .,
510 2217 766 2293 quum
817 2202 916 2267 de
968 2192 1139 2268 aliis
1167 2192 1656 2294 privilegiis
1635 2194 1726 2264 iis
1752 2190 2150 2265 concessis
2164 2189 2362 2262 certi

254 2295 569 2395 aliquid
619 2296 706 2379 in
767 2297 1119 2371 fontibus
1164 2296 1510 2370 omnino
1571 2318 1772 2367 non
1797 2290 2364 2367 contineaturx

252 2419 547 2495 tamen
575 2421 683 2471 ne
721 2398 893 2472 illo
914 2400 1238 2497 quidem
1264 2396 1460 2497 jure
1506 2393 1839 2485 fruitur,
1886 2394 2031 2491 qui
2076 2392 2361 2466 incan-
2402 2409 2406 2414 ’

218 2499 501 2592 ‘ta-vit,
579 2500 724 2597 qui
764 2501 1245 2600 imprecatus
1290 2520 1446 2593 est,
1522 2498 1667 2596 qui
1732 2507 1860 2591 (ιιι
1905 2496 2153 2572 verbo
2206 2493 2366 2567 ima·
2423 2523 2426 2528 ·

254 2623 666 2702 postorum
728 2610 971 2718 apud·
993 2605 1408 2676 Romanos
1456 2599 1800 2715 vulgari·
1837 2587 2054 2688 utar)
2114 2622 2360 2671 exor-

259 2704 596 2798 cizavit-3
662 2727 853 2778 nam·
896 2705 1044 2781 ista
1076 2729 1266 2777 non
1310 2724 1496 2778 sunt
1547 2699 2024 2776 medicinae
2041 2717 2364 2813 genera,

257 2805 571 2878 tametsi
612 2806 982 2881 omnibus
1046 2794 1550 2904 temporibus
1596 2807 1950 2895 fuerint3
2011 2800 2155 2898 qui
2217 2800 2366 2876 hos

260 2906 407 2982 sibi
455 2907 844 3063 profuisse
894 2934 1078 2984 cum
1096 2906 1704 3018 praedicatione
1740 2902 2364 3048 adfirmaverint.
2461 2951 2466 2954 -

260 3119 339 3234 §.
378 3095 557 3262 IV.
614 3043 1097 3236 Exeinpla
1154 3113 1628 3237 quaedam
1665 3103 2210 3235 asperitatis
2268 3126 2368 3206 et
2425 3221 2428 3230 .

538 3227 1214 3324 illiberalitatis
1271 3238 1380 3322 in
1432 3260 1553 3352 pi
1556 3232 1919 3323 ofessoi
1922 3257 2046 3321 es.

432 3343 707 3492 Haud
745 3418 1097 3492 alienum‘
1140 3422 1242 3493 ab
1271 3419 1431 3494 hoc
1469 3415 1651 3493 loco
1694 3395 2059 3511 videtur,
2105 3409 2386 3516 prius-⁴

261 3541 513 3617 quam·
572 3526 677 3594 ad
718 3521 1160 3632 beneficia
1154 3520 1366 3621 juris
1435 3519 2003 3622 professoribus
2068 3543 2149 3593 et
2197 3545 2358 3595 me

261 3621 456 3696 dicis
485 3644 857 3697 concessa
883 3637 1338 3725 progressus
1365 3623 1542 3717 fiat,
1590 3625 2070 3710 documenta
2113 3641 2358 3722 quae

261 3727 448 3797 dam
511 3723 802 3817 affere,
877 3727 1396 3824 Imperatores
1451 3726 1799 3826 perinde
1860 3735 1954 3799 ac
2019 3726 2357 3829 singulas

261 3824 645 3905 civitates
691 3825 1047 3932 aliasque
1098 3827 1345 3905 etiam
1393 3833 1775 3929 personas
1842 3826 2366 3904 inclementer
