2740 4661
1322 314 1327 321 ,
1415 234 1539 312 :16

422 448 751 529 studiis·
738 449 1203 539 liberalibus
1256 452 1474 539 urbis
1514 455 1806 535 ‚Romae
1866 465 1942 525 et
1994 455 2517 541 Constantino-

416 554 660 647 polis,
727 564 904 625 'non
960 556 1223 635 solum
1271 559 1396 626 de
1438 554 1994 668 grammaticis,
2040 559 2517 633 rhetoribus

427 674 509 726 et
570 644 1102 757 philosophis,
1178 660 1314 728 sed
1387 660 1485 728 de
1544 652 2116 754 jurisconsultis
2184 685 2520 757 quoque

424 755 714 854 agitur-3
758 762 985 828 unde
1014 755 1188 850 quis
1215 756 1477 830 dicere
1515 758 1797 856 possit,
1849 758 2164 834 civilem
2196 763 2519 875 sapien-

416 859 613 932 tiam
661 858 911 957 ipsam
980 857 1067 929 in
1126 882 1463 931 numero
1534 860 1981 933 liberalium
2042 861 2518 961 disciplina-

409 986 598 1036 rum
646 986 794 1058 per
848 963 1054 1058 leges
1118 965 1334 1072 apud
1379 962 1789 1039 Romanos
1851 985 2257 1061 receptam
2317 991 2516 1056 esse,

412 1084 502 1137 et
548 1065 709 1135 hoc
754 1060 964 1133 idem
1021 1061 1260 1160 magis
1324 1061 1562 1137 etiam
1622 1063 2010 1161 rescripto
2055 1068 2247 1165 Imp
2302 1067 2517 1139 Dio·-

412 1162 745 1243 eletiani
778 1167 853 1239 ·.l
904 1186 975 1234 1·.·
1010 1165 1106 1237 C,
1155 1165 1349 1239 Just.
1402 1167 1531 1260 qui
1571 1174 1738 1239 aet.
1794 1169 1919 1237 vel
1964 1169 2176 1262 prof.-
2232 1171 2333 1240 Χ
2384 1177 2546 1282 49.-

408 1265 956 1353 confirmatur,
1005 1288 1170 1360 quo
1194 1264 1694 1347 scholaribus
1704 1265 2050 1349 Arabiae
2078 1273 2278 1341 haec
2316 1272 2514 1342 scri-

411 1368 753 1445 buntur:
803 1366 1137 1461 „Quum
1184 1392 1328 1443 vos
1380 1367 1807 1443 adfirmetis
1842 1367 2296 1443 liberalibus
2335 1393 2511 1443 stu·-

356 1480 360 1484 ’
413 1470 559 1543 diis
612 1493 940 1566 operam
990 1472 1212 1555 dare,
1270 1458 1618 1543 maxime
1678 1469 1890 1543 circa
1943 1466 2135 1566 juris
2203 1472 2509 1568 profes-

409 1571 710 1682 sionem
749 1570 1252 1642 consistendo
1301 1569 1389 1640 in
1428 1569 1753 1662 civitate
1775 1570 2282 1666 Berytiorum
2312 1598 2510 1688 pro-

403 1668 721 1748 vinciae
742 1669 1262 1742 Phoeniciae:
1310 1669 1814 1783 providendo
1858 1671 2187 1745 utilitati
2233 1675 2510 1771 publi-

411 1800 554 1847 cae
605 1792 685 1843 et
735 1771 942 1883 spei
953 1793 1266 1844 vestrae
1318 1770 1851 1858 decernimus,
1902 1794 1995 1847 ut
2024 1773 2317 1888 singuli
2367 1801 2503 1848 us-

320 1898 327 1907 ·
405 1892 570 1974 que
620 1847 722 1946 ad
774 1871 1234 1944 vicesimum
1263 1872 1650 1999 quintum
1669 1897 1975 1945 annum
2000 1875 2280 1950 aetatis
2313 1902 2504 1971 suae

403 1973 678 2050 studiis
727 1998 899 2045 non
964 1996 1428 2048 avocentur
1437 1979 1497 2019 “
1534 1973 1730 2046 Sed
1797 1981 2018 2089 quod
2075 1981 2187 2050 ad
2248 1979 2503 2050 medi-

403 2077 666 2151 cinam
707 2073 1031 2166 attinet,
1083 2082 1430 2149 eandem
1461 2072 1651 2147 olim
1700 2073 2201 2173 potissimum
2240 2094 2289 2152 a
2338 2106 2503 2153 ser-

395 2176 519 2254 :vis
605 2176 1058 2276 libertisque
1142 2177 1573 2253 exercitam
1651 2203 1814 2251 esse
1895 2182 2077 2254 satis
2162 2202 2498 2255 constat.

397 2280 689 2364 Postea
734 2281 1064 2378 quidem
1108 2278 1464 2378 inprimis
1516 2282 1659 2354 sub
1717 2277 2322 2378 imperatoribus
2350 2292 2498 2356 no·

397 2385 1039 2459 ΒιΙιεείιιιιι-Ἕιειθο·
1077 2410 1199 2455 ars
1254 2404 1499 2480 caput
1527 2385 1940 2455 ‚extollere
2005 2381 2306 2481 coepitg
2380 2385 2499 2455 at-

392 2509 666 2561 tamen
712 2483 884 2557 non
935 2486 1472 2557 dubitandum
1510 2505 1690 2576 est,
1711 2482 1951 2557 etiam
1977 2484 2496 2582 'sequentibus

392 2587 881 2703 temporibus
936 2589 1043 2656 ad
1087 2583 1631 2663 justinianum
1670 2607 1970 2698 usque
1971 2608 2068 2659 et
2116 2599 2298 2684 post
2344 2587 2496 2665 Ju-

391 2687 829 2763 stinianum
878 2687 1169 2757 multos
1221 2683 1500 2776 fuisse,
1549 2685 1708 2781 qui
1741 2685 1951 2760 inter
2002 2713 2266 2763 servos
2313 2712 2520 2763 suos.

383 2790 737 2863 medicos
764 2808 845 2860 et
885 2786 1228 2868 medicas
1279 2811 1830 2860 numerarent.
1920 2791 2497 2885 Praeterquam

389 2891 627 2966 enim
659 2889 883 2987 quod
932 2909 1239 2962 veteres
1281 2887 1738 2987 scriptoreS,
1783 2890 1934 2986 qui
1964 2912 2321 2987 tempore
2341 2889 2497 2964 im·-
2561 2902 2572 2907 ’

383 2992 596 3092 perii
643 2992 1134 3081 fleruerunt,
1187 3015 1761 3090 saepenumero
1819 2998 2083 3066 adhuc
2143 2991 2496 3064 medico-

374 3120 567 3169 rum
617 3116 773 3167 aut
815 3118 1223 3166 servorum
1273 3113 1422 3168 aut
1464 3091 2122 3190 manumissorum
2150 3091 2502 3166 mentio·

383 3222 573 3272 nem
622 3193 1037 3308 injiciunt,
1088 3198 1383 3269 Sueton-
1405 3196 1692 3291 Calig
1718 3224 1781 3274 c.
1827 3209 1900 3280 8
1956 3208 2031 3267 et
2057 3198 2234 3267 Neu.
2279 3220 2349 3270 ..c
2383 3217 2465 3266 -02
2445 3239 2495 3285 .‚
2557 3287 2561 3291 ι

379 3299 625 3388 etiam
654 3295 1261 3372 constitutiones
1300 3281 1784 3380 nominatim
1797 3293 2315 3413 Imperatoris
2354 3295 2492 3377 Jus-

352 3400 705 3486 ¹stiniani
751 3423 926 3474 non
969 3404 1209 3472 semel
1258 3404 1357 3486 de
1410 3398 1655 3474 servis
1702 3399 2022 3476 medicis
2068 3396 2489 3494 utriusque

345 3489 617 3578 *sexus
663 3508 1139 3600 loquuntur.
1242 3505 1345 3573 L.
1400 3525 1464 3576 1.
1521 3502 1589 3596 §.
1643 3495 1716 3577 5.
1749 3502 1925 3575 Cod.
1980 3504 2073 3572 de
2125 3524 2486 3574 commum

349 3604 574 3677 'ser-v.
617 3630 950 3710 manum.
990 3605 1076 3677 V
1066 3606 1181 3676 II
1209 3629 1277 3699 7.
1306 3606 1354 3677 l.
1384 3606 1464 3679 5.
1477 3630 1603 3700 pr.
1630 3602 1823 3678 Cod.
1866 3624 2231 3696 commun·
2257 3604 2353 3673 de
2378 3602 2518 3670 les·

344 3708 614 3801 gatis.
694 3709 861 3779 VI.
913 3707 1038 3792 43.
1144 3704 1298 3778 Sed
1346 3703 1910 3803 compilatores
1971 3702 2286 3778 codicis
2325 3718 2488 3773 tam

292 3807 299 3812 'f
379 3804 940 3886 Theodosiani
992 3832 1239 3922 quam
1274 3805 1760 3900 Justmianei
1812 3830 1982 3882 uno
2047 3809 2486 3900 eodemque
