2740 4661
859 132 1093 229 ..W

239 422 621 514 tutionis,
702 446 945 519 quae
982 427 1089 495 de
1134 414 1481 497 numero·
1545 440 1761 523 certo
1810 425 2338 540 professorum

238 553 339 600 ac
390 524 918 616 medicorum,
993 523 1319 622 quibus
1331 526 1420 597 in
1468 512 1962 631 unaquaque
2014 526 2340 623 civ-itate

111 680 121 689 -
170 708 173 709 ᾗ
236 625 709 701 immunitas
751 625 996 700 tribui
1058 648 1398 724 posset,
1432 624 1533 701 ab
1585 632 1769 700 hoc
1791 626 2163 725 Principe
2215 630 2339 703 fa-

230 746 380 802 ·‹Jta
432 750 583 822 est,
661 730 819 803 vel
845 748 1117 801 tamen
1178 733 1274 802 ad
1325 730 1670 803 eundem
1731 726 1971 821 finem
2023 728 2335 826 specta·-

158 915 163 920 ,
240 830 402 921 vit,
449 855 633 903 eum
668 828 1037 945 scilicet?
1064 848 1158 902 ut
1205 830 1294 902 in·
1324 830 1660 944 singulis
1679 816 2150 905 civitatibus
2160 831 2333 904 Ro-

184 931 465 1005 ·'mani
512 930 825 1044 imperii
885 932 1227 1029 primum
1261 933 1655 1028 quidem
1681 935 2000 1007 scholae
2061 933 2334 1051 publi-

241 1058 424 1125 cae,
474 1033 760 1130 quibus
806 1029 1183 1139 juventus
1233 1039 1363 1108 ad
1384 1030 1828 1108 litterarum
1874 1028 2168 1107 studia
2188 1039 2333 1108 ad·
2427 1081 2436 1086 ·

241 1139 705 1227 duceretur,
806 1139 1047 1209 bene
1087 1157 1345 1209 essent
1415 1133 1944 1249 compositae,
2010 1135 2336 1214 deinde
2449 1176 2452 1179 ‡

223 1261 439 1322 ‚vero
487 1261 622 1310 ne
643 1241 1002 1310 deessent
1050 1236 1384 1329 medici,
1422 1237 1565 1334 qui
1616 1235 1908 1310 salutis
1919 1207 2335 1310 hominum

242 1362 519 1411 curam
584 1359 917 1438 agerent
980 1337 1405 1415 assiduam(
1498 1339 1703 1431 Nam
1752 1332 2071 1411 medicis
2107 1362 2332 1443 quo-

194 1464 209 1469 ·
240 1465 406 1552 que
471 1439 755 1514 salaria
806 1445 997 1513 data
1047 1462 1234 1513 sunt
1282 1461 1363 1521 et
1410 1465 1580 1513 ιιοιι
1631 1465 1894 1512 errare
1941 1428 2335 1531 videmur,
2429 1469 2431 1472 ’

239 1542 323 1614 si
356 1539 861 1615 Antoninum
901 1540 1133 1613 Pium
1183 1539 1273 1617 iis
1316 1534 1888 1639 professoribus
1936 1566 2033 1615 ac
2079 1541 2333 1615 medi-

208 1642 389 1734 ³cis,
454 1641 597 1739 qui
644 1641 1175 1720 vacationem
1196 1669 1621 1717 munerum
1661 1641 2025 1727 civilium
2072 1646 2331 1716 habe-

222 1765 466 1847 rent,
515 1744 797 1818 salaria
845 1743 1082 1820 etiam
1133 1745 1619 1820 constituere
1651 1734 2006 1821 voluisse
2057 1744 2334 1819 cense-

180 1922 189 1931 ,
239 1852 448 1938 mus,
496 1844 612 1919 ita
635 1863 941 1938 tamen,
958 1864 1082 1918 ιιι
1110 1846 1198 1918 in
1236 1872 1731 1960 unaquaque
1768 1845 2093 1922 civitate
2129 1851 2328 1920 ordo

238 1945 762 2024 decurionum
844 1968 924 2020 et
996 1947 1579 2024 immunitatem
1658 1967 1741 2022 et
1814 1946 2120 2023 salaria
2171 1947 2328 2021 illis

238 2048 596 2164 personis
647 2054 1134 2124 decerneret.
1231 2050 1468 2124 Huc
1447 2050 1692 2167 1gitur
1716 2071 2059 2147 spectat,
2105 2055 2332 2146 quod

239 2150 642 2250 'Ulpianus
703 2148 792 2223 in
845 2153 904 2224 Ζ.
947 2159 1024 2235 4.
1074 2152 1184 2225 D.
1237 2154 1333 2223 de
1383 2150 1713 2224 decretis·
1779 2152 1878 2222 ab
1943 2154 2104 2225 ord.
2144 2153 2326 2242 fac.

236 2258 339 2330 L.
404 2264 474 2353 9.
537 2252 767 2330 dicit:
844 2249 1347 2368 „Ambitiosa
1407 2243 1762 2326 decreta
1802 2236 2328 2324 decurionum

233 2354 579 2431 rescindi
603 2357 963 2471 debent,
982 2354 1148 2429 sive
1197 2347 1551 2453 aliquem
1601 2352 2036 2428 debitorem
2085 2343 2327 2444 dimi-

168 2451 177 2456 ’
234 2478 548 2562 serunt,
585 2456 751 2534 sive
765 2455 1042 2571 largiti
1067 2479 1274 2530 sunt.
1352 2457 1425 2553 §.
1452 2484 1513 2529 1.
1579 2455 1926 2529 Proinde
1951 2477 2045 2529 ut
2068 2459 2329 2531 solent

239 2552 363 2637 siv·
364 2585 409 2632 e
433 2557 950 2635 decreverint
992 2557 1102 2632 de
1111 2554 1440 2658 publico
1464 2555 1793 2661 alicujus
1817 2561 1953 2634 vel
1974 2552 2329 2657 praedia,

235 2665 375 2736 vel
396 2667 651 2753 aedes,
698 2661 861 2736 vel
862 2681 1155 2735 certam
1170 2661 1715 2764 quantitatem
1740 2659 2151 2764 praestari,
2196 2660 2326 2753 ni-

236 2763 360 2835 hil
404 2762 704 2837 valebit
751 2762 1201 2853 hujusmodi
1241 2761 1686 2840 decretum·
1757 2763 1827 2857 ᾗ.
1868 2788 1940 2838 2.
2001 2761 2156 2837 Sed
2182 2762 2328 2840 etsi

234 2865 611 2952 salarium
660 2862 900 2937 alicui
950 2862 1416 2940 decuriones
1466 2864 2001 2956 decreverint,
2049 2869 2327 2938 decre-

233 2976 409 3041 tum
455 2967 542 3039 id
588 2976 1175 3065 nonnunquam
1222 2961 1472 3041 ullius
1526 2964 1678 3041 erit
1737 2965 2153 3038 momenti.
2231 2979 2328 3041 ut

232 3083 438 3169 ‘puta
485 3066 549 3144 si
612 3070 714 3144 ob
775 3061 1295 3142 liberalem
1360 3087 1659 3148 artem
1723 3067 2005 3141 fuerit
2029 3067 2323 3143 consti·-

234 3192 537 3263 tutum,
584 3174 720 3245 vel
757 3172 857 3243 ob
906 3168 1522 3243 medicinam:
1557 3169 1715 3241 ob
1725 3175 1864 3244 has
1895 3169 2106 3244 enim
2133 3195 2324 3243 cau·-

180 3354 189 3365 ‚
236 3285 353 3347 'sas
386 3270 575 3344 licet
603 3269 982 3346 constitui
1006 3268 1315 3347 salaria.
1316 3274 1364 3313 “
1423 3272 1544 3347 Cf.
1577 3273 1818 3345 etiam
1845 3275 1918 3349 Ζ.
1942 3299 2004 3348 ι.
2035 3268 2109 3343 C.
2125 3272 2320 3348 Just

240 3377 334 3446 de
358 3376 558 3449 decr.
588 3378 834 3447 ἄεσαν.
864 3376 965 3448 Χ.
996 3371 1124 3456 46.
1222 3371 1463 3469 Jam'
1441 3372 1688 3474 igitur
1726 3393 1952 3448 extra
1990 3368 2323 3461 dubium

236 3472 585 3590 positum
625 3497 772 3566 est,
837 3472 1114 3548 salaria
1150 3463 1683 3590 professorum
1720 3496 1801 3548 et
1835 3471 2322 3548 medicorum

210 3577 330 3649 in
353 3575 855 3657 justinianeo
883 3598 1212 3673 quoque
1233 3574 1407 3674 jure
1430 3577 1899 3652 confirmata
1937 3601 2123 3650 esse.
2225 3580 2326 3653 L.

241 3678 319 3751 6.
363 3674 440 3753 C.
476 3679 677 3755 Just.
716 3682 813 3751 de
842 3678 1061 3776 prof.
1085 3692 1159 3750 et
1197 3681 1393 3755 med.
1438 3682 1568 3754 Χ.
1583 3676 1706 3758 52.
1787 3676 1943 3762 Fr.
1982 3675 2332 3752 Rothius

247 3801 451 3860 vero
494 3783 541 3855 l.
581 3782 633 3858 Ζ.
659 3807 743 3883 Ρ.
783 3779 950 3872 ι56.
991 3792 1141 3862 not.
1180 3767 1355 3884 649
1394 3789 1640 3878 errat,
1687 3800 1942 3879 quum
1976 3781 2333 3882 philos-‚02-
