2740 4661
1252 245 1512 319 41’

260 471 505 547 detur
546 451 1172 541 difficultatibus.
1240 459 1621 541 Comites
1660 459 1888 545 enim
1906 485 2128 579 sunt,
2178 464 2362 564 qui-

256 566 407 646 bus
459 565 966 641 ordinaria
1015 562 1399 644 comitiva
1447 561 1791 664 dignitas
1838 564 2144 643 tributa
2206 590 2362 663 est;

257 695 367 751 ex
441 666 857 746 comitibus
930 680 1127 749 vero
1203 686 1428 758 sunt,
1527 665 1673 763 qui
1742 669 2366 744 honorariam

164 766 171 772 ’
256 793 582 855 tantum
643 769 1097 845 comitivam
1157 766 1628 870 dignitatem
1690 793 2214 886 acceperunt,
2281 793 2367 857 et

261 878 421 949 hoc
466 873 679 975 idem
746 871 1166 952 discrimen
1225 873 1436 949 inter
1496 871 1889 970 praesides
1957 871 2197 947 etiam
2248 894 2367 948 est

261 997 512 1071 atque
557 1000 747 1067 eos,
776 972 922 1071 qui
972 999 1101 1047 ex
1128 969 1621 1084 praesidibus
1671 995 1894 1066 sunt,
1941 973 2363 1071 nihiloque

254 1078 518 1155 secius
576 1076 683 1148 in
739 1097 1041 1169 ceteras
1117 1099 1388 1151 omnes
1460 1073 1925 1174 dignitates,
2021 1075 2369 1173 quarum

261 1177 775 1252 mentionem
784 1162 1113 1251 fecimus
1131 1230 1155 1269 ,
1201 1175 1548 1252 conferri
1571 1197 1859 1291 potest·
1959 1176 2369 1274 Quoniam

266 1301 543 1354 autem
564 1279 989 1394 dignitates
1038 1277 1234 1352 istae
1268 1276 1745 1365 honorariae
1794 1304 1837 1350 a
1883 1281 2178 1367 multiS‚
2224 1278 2371 1377 qui
2473 1297 2478 1309 “

224 1464 227 1467 Α
265 1405 606 1455 munera
640 1380 971 1456 curialia
998 1382 1274 1480 fugere
1297 1382 1707 1472 volebant,
1728 1385 2131 1456 redemtae
2158 1404 2371 1474 sunt,

238 1480 358 1554 vin
422 1483 729 1582 legibus
794 1481 1219 1595 dignitates
1279 1484 1799 1573 adumbratae
1863 1481 2030 1557 sive
2091 1500 2374 1577 emtae,
2467 1546 2486 1559 x„

269 1582 437 1658 sive
487 1589 853 1665 honores
912 1568 1377 1696 imaginarii
1459 1574 1875 1698 dicuntur,
1963 1606 2211 1682 atque
2291 1586 2375 1675 ii,

269 1683 460 1783 „qui
492 1685 912 1787 fugientes
978 1683 1357 1783 obsequia
1419 1684 1820 1765 curiarum
1892 1687 2396 1806 affectabant

230 1852 234 1856 .
268 1789 780 1875 adumbratae
827 1787 1154 1867 nomina
1203 1786 1686 1888 dignitatis“,
1757 1792 1864 1864 ob
1909 1793 2374 1877 excusatio·-
2401 1850 2428 1883 4

273 1909 417 1963 nes
487 1910 1033 2004 praeposteras
1108 1891 1212 1964 ab
1283 1888 1904 1989 Imperatoribus
1973 1919 2377 1994 saepenu-

271 2015 494 2065 mero
544 1989 1117 2091 corripiuntur.
1224 1995 1323 2069 L.
1378 2000 1498 2077 24η
1550 1989 1673 2070 25
1729 1995 1853 2072 26.
1905 2020 2024 2096 27.
2074 2000 2204 2087 34.
2252 2001 2375 2083 36.

273 2099 403 2176 41.
451 2100 578 2176 42.
626 2101 754 2177 44·
804 2089 931 2190 75
991 2091 1606 2186 109.138.150
1662 2096 1743 2173 G.
1804 2099 1940 2171 172.
1991 2101 2088 2170 de
2136 2105 2374 2175 decu-

272 2195 604 2274 rionibus
651 2197 850 2268 XII·
911 2222 974 2272 1.
1026 2199 1082 2268 l.
1128 2203 1256 2293 47.
1310 2196 1395 2271 G.
1443 2198 1637 2273 Just,
1675 2202 1835 2273 eod.
1865 2202 1963 2273 X.
1994 2202 2119 2276 31.
2214 2200 2376 2280 Sed

271 2294 527 2381 hisce
523 2295 821 2390 missis,
868 2303 1082 2395 quae
1127 2302 1232 2372 ad
1279 2321 1450 2372 rem
1496 2318 1849 2374 nostram
1896 2298 2180 2379 minus
2195 2330 2380 2406 spe·-

271 2419 498 2472 ctare
522 2397 943 2492 videntur,
990 2400 1139 2478 vix
1175 2400 1543 2478 dubitare
1589 2399 1779 2476 licet
1825 2407 1929 2476 de
1978 2429 2120 2497 eo,
2158 2416 2380 2508 quod

206 2497 489 2582 *inter
538 2503 973 2580 archiatros
1030 2526 1326 2618 eosque
1378 2501 1522 2598 qui
1571 2529 1675 2577 ex
1722 2504 2134 2591 archiatris
2167 2534 2380 2607 sunt,

272 2599 628 2684 interest.
779 2604 960 2677 Hac
1029 2604 1242 2720 enim
1316 2604 1862 2703 appellatione
1941 2633 2045 2684 ex
2102 2627 2381 2689 nostra

275 2703 606 2820 quidem
655 2704 1065 2784 sententia
1097 2705 1155 2779 ii
1205 2704 1796 2823 significantur,
1845 2710 1990 2808 qui
2019 2737 2190 2787 non
2240 2741 2379 2790 or-.·

280 2805 674 2882 dinariam
695 2860 720 2899 ,
766 2811 932 2887 sed
1004 2808 1519 2889 honorariam
1579 2815 1833 2890 solum
1895 2815 2383 2893 archiatriae

277 2905 750 3023 dignitatem
800 2911 1109 3009 adepti
1126 2930 1334 2985 sunt.
1432 2912 1565 2984 De
1610 2914 1891 3025 favore
1933 2938 2204 2998 autem
2251 2919 2382 2991 in·-

280 3010 523 3109 signi,
593 3010 738 3107 qui
801 3011 1025 3092 hisce
1076 3035 1407 3125 quoque
1456 3012 1859 3110 personis,
1926 3017 2073 3091 etsi
2118 3025 2380 3099 honos,

280 3111 509 3188 rat-iis
562 3117 816 3185 solum
877 3112 1397 3215 dignitatibus
1462 3115 1891 3207 decoratis,
1964 3124 2090 3235 ab·
2116 3122 2378 3222 Impe-

273 3212 675 3298 ratoribus
725 3214 1068 3290 tributus
1120 3236 1273 3307 est,
1333 3240 1506 3289 non
1554 3215 1672 3295 §st
1718 3225 1939 3333 quod
1988 3221 2386 3319 miremur,

284 3338 548 3411 quum
593 3311 880 3414 procul
927 3317 1173 3392 dubio
1221 3343 1459 3391 nemo
1508 3317 1660 3395 nisi
1707 3319 1847 3417 qui
1881 3322 2229 3400 medicus
2259 3350 2381 3399 es-

283 3437 445 3508 set,
494 3443 601 3494 ex
652 3418 1064 3506 archiatris
1116 3444 1279 3504 esse
1316 3442 1615 3521 posset,
1660 3422 1954 3506 medici
2003 3445 2271 3498 autem
2295 3427 2386 3503 in

202 3583 207 3586 ,
281 3518 748 3604 universum·
776 3521 1419 3598 benevolentiam
1444 3522 1905 3636 Principum
1946 3523 2091 3599 sibi
2131 3551 2387 3624 quae-

286 3618 586 3693 sierint.
692 3624 1065 3697 Ceterum
1112 3629 1225 3698 de
1265 3623 1665 3717 medicis,
1700 3626 1842 3723 qui
1903 3653 2009 3700 ex:
2061 3631 2382 3707 archia-³

291 3721 428 3793 tris
474 3721 875 3838 palatinis
904 3726 1313 3820 dicantur,
1377 3727 1703 3801 omnino
1750 3727 1955 3803 nihil
2003 3729 2092 3803 in
2140 3734 2384 3850 fonti-

282 3826 430 3901 bus
442 3818 1133 4008 deprehenditur·
1193 3827 1718 3918 Archiatri
1729 3831 2162 3931 palatini
2193 3835 2375 3917 sive
