2740 4661
1240 264 1357 339 57

249 484 720 556 auditoribus
773 495 1235 553 sustentatus
1274 483 1465 556 ἐπέ(
1511 524 1520 537 ,
1563 476 1868 579 symm.
1893 482 2042 579 Ep.
2069 514 2074 521 ·
2098 485 2165 552 Ι.
2220 470 2350 579 7’9.·

244 586 533 663 Auson.
584 586 927 676 Profiss.
954 586 1203 659 XVI.
1248 606 1337 667 ἰν.
1362 609 1445 685 9.
1477 585 1848 656 XVII.·v.
1884 606 1997 658 ιο.
2030 583 2364 658 XVIII.

248 714 320 760 v.
372 710 448 780 7.
503 690 591 759 8.·
666 685 824 758 Sed
878 688 1105 758 nulla
1154 684 2171 781 quidem··ars„fructuosior
2196 685 2351 759 fuit

251 811 497 885 quam
524 788 919 863 medicina
939 841 959 879 ‚
1012 791 1230 860 unde
1254 786 1562 861 Plinius
1590 804 1682 859 ut
1695 805 1873 869 rem
1905 791 2353 859 notandam

254 912 849 1003 commemorat,
898 889 983 962 in
1024 909 1254 963 tanto
1274 891 1566 969 :fructu
1603 887 2109 986 paucissimos
2149 888 2353 983 Qui-

173 1002 178 1008 ’
250 990 546 1067 titium·
566 1017 742 1065 eam
782 991 1203 1091 attigisse.
1255 994 1469 1063 Hist.
1515 993 1700 1081 Nat.
1742 993 2045 1064 XXIX.
2081 1017 2140 1059 s·
2182 1015 2244 1065 1.
2278 986 2354 1067 5.

238 1092 471 1167 'Idem
509 1115 792 1165 auctor
833 1115 983 1187 est,
1045 1092 1365 1166 medicis
1413 1089 1979 1181 celeberrimis,
2029 1112 2124 1163 ut
2166 1092 2360 1165 Cas-

254 1193 418 1285 siis,
471 1195 964 1293 CalpetaniS,
1007 1192 1372 1275 Aruntiis
1424 1216 1503 1273 et
1539 1193 1710 1268 aliis
1756 1197 2071 1272 ducena
2108 1194 2352 1289 quin-

259 1313 644 1396 quagena
686 1296 969 1371 H-S.
1024 1322 1334 1371 annuas
1383 1301 1782 1369 mercedes
1846 1300 2067 1393 apud
2118 1299 2390 1410 Prin·-=

256 1398 472 1495 cipes
516 1397 805 1475 fuisse.
926 1398 1088 1494 ,‚Q.
1171 1423 1366 1473 vero
1430 1396 1849 1474 Stertinius
1928 1397 2359 1511 imputavit

262 1497 803 1598 Principibus,
888 1506 1106 1598 quod
1186 1502 1265 1575 H
1297 1498 1487 1580 -S,
1555 1497 1988 1599 quingenis
2067 1501 2357 1574 annuis

263 1622 687 1675 contentus
721 1625 954 1675 esset:
1006 1619 1351 1675 sexcena
1383 1600 1618 1675 enim
1655 1601 1799 1674 sibi
1826 1621 2167 1696 quaestu
2194 1604 2358 1674 Ur·-

262 1702 377 1775 bis
426 1702 664 1776 fuisse
712 1703 1143 1781 numeratis
1190 1703 1550 1776 domibus
1613 1707 2106 1784 ostendebat.
2205 1704 2368 1781 Par¹
2447 1724 2448 1729 ’

264 1827 346 1879 et
390 1805 618 1886 fratri
667 1811 832 1896 ejus
881 1831 1177 1883 merces
1230 1833 1278 1879 a
1329 1805 1692 1879 Claudio
1699 1807 2048 1879 Caesare
2098 1804 2363 1883 infusa

268 1930 416 1984 est.
485 1931 927 2005 censusque
981 1930 1463 2009 quamquam
1516 1907 1927 1997 exhausti,
1991 1908 2368 2005 operibus

261 2024 603 2123 Neapoli
669 2042 1097 2117 exornata,
1178 2024 1454 2098 heredi
1530 2024 1816 2105 H-a-S.
1880 2027 2109 2102 CCC.
2169 2027 2365 2100 reli-

276 2152 563 2225 quere;
544 2130 618 2181 “
672 2128 950 2225 Crinas
999 2154 1194 2202 vero
1222 2126 1727 2205 Massiliensis
1759 2127 2056 2221 centies
2104 2129 2363 2206 H-S.

263 2229 635 2346 reliquit,
685 2229 926 2302 muris
977 2229 1309 2325 patriae,
1360 2227 1773 2307 moenibus
1810 2251 2140 2325 quoque
2193 2231 2365 2304 aliis

272 2360 528 2431 paene
577 2359 749 2424 non
793 2332 1081 2413 minori
1124 2356 1463 2412 summa
1480 2324 1928 2406 exstructis.
2029 2334 2233 2409 Ptin.
2256 2338 2369 2405 H.

265 2437 372 2514 N.
423 2440 478 2516 l
528 2438 577 2509 Ζ.
633 2464 693 2507 s.
752 2434 824 2513 5.
925 2434 1078 2507 Sed
1140 2431 1299 2548 jam
1359 2429 1765 2515 sufficiant
1828 2437 2028 2516 haec
2093 2459 2366 2508 exem-
2439 2503 2444 2512 .

266 2542 444 2641 pla,
492 2536 783 2640 quibus
834 2536 1357 2639 proverbium
1399 2536 1637 2609 illud:
1717 2534 2148 2610 Galenus
2201 2542 2369 2614 dat

267 2666 540 2753 opeS,
614 2642 930 2738 optime
976 2639 1521 2720 confirmatur.
1650 2636 2037 2712 Addimus
2116 2642 2371 2712 solum
2475 2711 2478 2714 ,

219 2766 675 2842 -egregiam
748 2740 1398 2820 constitutionem
1470 2731 2029 2813 Valentiniani
2091 2741 2154 2817 Ι.
2134 2793 2195 2831 .,
2284 2742 2371 2812 in
2463 2821 2466 2830 Ι

271 2848 473 2943 lege
500 2843 1044 2932 celeberrima,
1096 2868 1308 2941 quae
1360 2847 1460 2915 de
1513 2839 1922 2916 archiatris
1965 2842 2177 2916 urbis
2206 2842 2369 2929 Ro·
2445 2869 2450 2880 ’

272 2972 451 3020 mae
517 2950 708 3026 data‘
754 2958 916 3036 est,
994 2948 1044 3022 l.
1114 2946 1313 3041 8.§.
1389 2971 1451 3017 1.
1524 2946 1644 3021 C.
1682 2946 1814 3016 Th.
1882 2948 1975 3015 de
2039 2949 2240 3014 med·
2301 2962 2373 3017 et

267 3050 477 3148 prof.
497 3102 517 3139 ,
570 3053 722 3120 hoc
748 3047 1117 3124 dicentis:
1166 3046 1435 3142 „Quos
1463 3044 1956 3159 (archiatros)
2001 3046 2242 3122 etiam
2281 3074 2376 3122 ea

276 3149 625 3264 patimur
676 3148 1070 3245 accipere,
1153 3174 1353 3245 quae
1408 3146 1577 3222 sani
1630 3145 1984 3219 offerunt
2033 3174 2182 3264 pro
2232 3154 2376 3222 ob-

273 3250 588 3348 sequiis,
642 3276 811 3323 non
836 3277 955 3342 ea,
1006 3274 1216 3347 quae
1240 3241 1781 3349 periclitantes
1821 3252 2323 3348 promittunt.
2331 3254 2375 3293 “

274 3353 457 3427 Hoc
510 3354 772 3425 edicto
836 3375 1103 3432 autem
1166 3353 1252 3424 in
1304 3351 1810 3435 justinianeo
1864 3375 2189 3448 quoque
2239 3377 2378 3424 co-

278 3453 453 3530 dice
516 3477 887 3569 recepto,
962 3458 1015 3527 Z·
1086 3482 1155 3555 9.
1211 3457 1292 3527 C.
1346 3456 1540 3527 Just.
1607 3457 1699 3524 cle
1753 3454 1960 3552 prof
2030 3468 2101 3528 et
2162 3459 2382 3544 med„

275 3557 425 3629 vix
476 3557 825 3629 dubium
894 3584 1067 3632 esse
1119 3578 1416 3655 potest,
1495 3556 1698 3652 quin
1763 3580 2030 3627 omnes
2093 3509 2382 3628 medici

282 3657 448 3731 sine
504 3659 952 3732 disciimine
1006 3689 1101 3733 ea
1163 3664 1340 3759 lege
1405 3679 1859 3736 teneantur.
1907 3657 2087 3731 ..Cf
2141 3658 2380 3732 etiam

282 3760 335 3829 l.
386 3762 455 3834 ὅ·
511 3763 697 3856 Dig.
752 3766 844 3832 de
912 3766 1287 3842 extract-d.
1357 3788 1561 3856 cogn·
1625 3762 1721 3834 L.
1783 3762 1890 3834 13.
1992 3759 2217 3835 Haec
2283 3766 2380 3831 de

281 3863 770 3942 mercedibus
835 3866 1361 3966 professorum
1441 3885 1522 3944 et
1593 3853 2080 3937 medicorum
2152 3887 2380 3958 prae-
