2740 4661
1392 234 1501 311 32
2200 169 2221 207 x

1303 338 1605 369 -----η

410 450 932 564 grammaticis
956 442 1420 545 proponere,
1451 471 1546 524 ut
1550 447 1968 566 dicerent,
1983 450 2299 554 singula
2325 454 2532 531 ani·
2599 490 2618 495 ··

240 554 246 563 ’
358 604 365 624 .
410 552 650 626 malia
677 557 1082 673 quomodo
1108 575 1391 643 vocem
1419 553 1865 624 emitterent
1878 555 2051 629 Ael.
2068 559 2323 653 Spart
2336 555 2510 631 An}

410 665 556 727 ton.
558 652 771 725 Geta
797 679 861 731 c.
889 652 983 743 5,
1010 666 1113 726 et
1139 656 1237 725 de
1266 630 1436 727 aliis
1462 653 1610 727 alia
1639 651 2013 751 ejusmodi
2042 678 2502 736 narrantur.

408 852 484 964 §
536 854 962 941 111.De
1013 854 1313 953 vaiiis
1348 826 1906 944 nominibus
1964 880 2071 942 ac
2125 860 2503 967 generi-
2594 900 2598 904 ·

584 968 764 1056 bus
822 964 1477 1083 professorum
1533 979 1631 1056 et
1684 967 2307 1055 medicorum.

609 1149 856 1225 Plura
918 1148 1001 1220 in
1068 1147 1420 1221 fontibus
1480 1145 1672 1263 iuris
1736 1149 2083 1224 Romani
2156 1147 2498 1245 aliisque

404 1271 771 1328 veterum
819 1250 1124 1362 scriptis
1166 1249 1494 1363 nomina
1536 1250 1624 1323 iis
1652 1251 2149 1342 tribuuntur,
2201 1251 2341 1347 qui
2371 1252 2496 1346 ju·
2559 1268 2564 1271 ’

405 1456 971 1552 Praeterquam
1021 1453 1233 1525 enim
1283 1457 1504 1549 quod
1552 1455 2059 1552 professores,
2110 1458 2496 1545 doctores,

404 1555 758 1656 magistri
805 1561 940 1629 vel
988 1574 1526 1651 praeceptores
1573 1553 2027 1653 simpliciter
2078 1559 2495 1657 appellan-

404 1678 578 1771 tur,
651 1660 863 1728 haud
921 1681 1103 1728 raro
1161 1675 1429 1727 tamen
1487 1680 1779 1730 munus
1838 1683 2112 1730 eorum
2174 1682 2499 1731 accura-

404 1758 603 1851 tius,
698 1757 902 1856 quin
973 1755 1211 1830 etiam
1285 1756 1770 1854 splendidius
1843 1758 2342 1848 describitur,
2414 1782 2498 1833 et

408 1880 965 1960 praeceptores
1015 1855 1452 1933 studiorum
1516 1857 1997 1951 liberalium,
2073 1860 2354 1932 artium
2400 1860 2494 1931 li·

406 1963 800 2035 beralium
860 1960 1359 2055 professoreS,
1434 1959 1784 2058 magistri
1848 1959 2287 2034 'studiorum
2349 1966 2495 2036 do-

408 2084 863 2160 ctoresque,
941 2058 1388 2151 liberalium
1425 2060 1872 2133 studiorum
1921 2062 2297 2136 antistites
2346 2086 2532 2138 vo·-

410 2186 718 2238 cantur.
816 2161 1793 2260 L·1.pr.§.1.4.Dig.de
1818 2167 2193 2239 extraord.
2226 2166 2493 2263 cognit.

409 2269 542 2363 (L
584 2266 733 2358 13.)
773 2269 826 2341 l.
871 2260 1745 2361 1.3.5.1016.17.18.
1802 2264 2488 2341 Cod.sl½.demed.

408 2383 481 2440 et
499 2367 711 2467 pros.
743 2369 1011 2460 (XIII.
1043 2365 1143 2456 3.)
1187 2369 1238 2439 l.
1264 2373 1338 2448 Δ.
1369 2366 1440 2439 6.
1473 2392 1541 2464 7.
1579 2391 1689 2438 ιι.
1727 2363 1902 2443 Cod.
1938 2369 2132 2438 Just.
2163 2370 2254 2438 de
2283 2368 2491 2464 prof.

405 2486 481 2543 et
512 2475 705 2543 med.
735 2472 867 2564 (X.
904 2466 1052 2559 52.)
1079 2471 1133 2539 l.
1171 2491 1233 2539 1.
1266 2468 1444 2539 Cocl.
1471 2469 1666 2540 Ιαεί.
1691 2469 1783 2538 ‘de
1825 2470 2094 2543 decret.
2119 2471 2366 2546 ἄεσαν.
2393 2473 2491 2544 Χ.

408 2570 567 2653 46..1
638 2570 793 2643 Sed
842 2568 928 2639 in
977 2566 1328 2641 fontibus
1375 2565 1566 2664 juris
1615 2563 1820 2654 nulli
1869 2569 2177 2665 proprie
2216 2567 2304 2641 in
2327 2594 2488 2642 nu·-

408 2695 626 2746 mero
708 2673 996 2743 horum
1066 2667 1357 2741 artium
1443 2668 1887 2748 liberalium
1970 2673 2492 2764 professorum

407 2777 845 2857 habentur,
912 2768 1067 2843 nisi
1110 2770 1630 2869 grammatici,
1691 2776 2041 2845 rhetores
2090 2796 2184 2847 ac
2232 2772 2490 2868 philo·-

356 2871 676 2970 'sophi3
751 2871 896 2945 etsi
959 2870 1170 2945 enim
1218 2872 1611 2968 Ulpianus
1662 2873 1713 2948 l.
1775 2900 1835 2945 1.
1871 2900 1999 2970 pr.
2050 2874 2160 2947 D.
2213 2878 2305 2945 de
2366 2903 2490 2946 ex·-
2564 2948 2569 2953 ,

407 2979 711 3055 traord.
749 2999 955 3071 cogn.
994 2994 1428 3087 geometras
1480 2997 1802 3074 quoque
1851 2972 2486 3075 praeceptoribus

310 3097 317 3102 ·
404 3051 852 3159 studiorum
908 3074 1370 3150 liberalium
1419 3081 1925 3168 adnumerat,
2008 3095 2276 3152 tamen
2338 3080 2519 3152 hoc'

405 3181 496 3256 in
541 3181 822 3291 regula
867 3173 1074 3249 nihil
1119 3176 1533 3251 immutare
1580 3178 1938 3269 videtur,
2002 3201 2254 3276 quum·
2294 3202 2491 3293 geo-

405 3304 706 3359 metrae
758 3303 845 3351 1n
908 3278 1183 3353 ceteris
1246 3279 1592 3353 fontium
1651 3279 1841 3353 locis
1890 3304 2064 3352 non
2107 3280 2491 3381 magistris

402 3384 855 3459 liberalium
904 3375 1343 3454 studiorum
1391 3386 1527 3456 sed
1578 3381 1997 3457 artificibus
2050 3406 2491 3484 aggregen-

336 3531 339 3532 ν
403 3509 559 3561 tur.
658 3486 761 3559 L.
807 3486 878 3559 3.
925 3483 1100 3552 Cod.
1156 3484 1425 3558 Theod.
1457 3486 1570 3554 de
1601 3509 1840 3558 excas,
1870 3484 2086 3574 artff.
2129 3486 2370 3558 XIII.
2414 3494 2493 3567 4.

409 3588 827 3683 Quatenus
874 3608 1093 3660 vero
1119 3604 1201 3655 et
1253 3583 1441 3676 juris
1505 3585 1970 3681 professores
2019 3605 2491 3684 praecepto-

402 3691 622 3765 ribus
671 3685 822 3761 illis
874 3679 1361 3801 adjungendi
1411 3685 1603 3781 sint,
1660 3685 1818 3785 jam
1867 3712 2100 3782 supra
2145 3686 2495 3763 breviter

403 3789 873 3920 adnotatum
922 3810 1037 3868 est
1088 3809 1168 3864 et
1210 3787 1305 3890 in
1354 3788 1865 3888 sequentibus
1913 3787 2228 3867 melius
2253 3789 2502 3865 etiam
