2740 4661
1230 206 1411 327 35*

230 464 579 572 proprie.
602 486 780 565 ⁴est,
851 465 997 566 qui
1058 465 1383 571 dicendi
1444 488 1694 545 artem
1751 470 2032 567 tr'adit,
2100 483 2342 573 quod·

230 570 420 647 satis
469 568 561 643 ni
612 570 847 643 fallor
895 570 1258 645 Suetonii
1306 569 1580 671 libello
1643 577 1736 645 cle
1783 576 2021 659 claris
2068 580 2334 650 rheto-·
2410 638 2416 653 ,

235 675 454 748 ribus
504 675 1118 765 demonstratur3
1166 670 1360 755 hinc
1406 698 1603 751 vero
1649 675 2044 770 sequitur,
2092 699 2186 751 ut
2221 687 2328 755 ad

232 769 547 871 Cujacii
574 771 1072 871 opinionem,
1121 795 1334 871 quae
1381 772 1623 848 nullis
1649 774 1818 846 niti
1844 775 2167 852 videtur
2194 806 2327 854 ar·-
2445 827 2450 835 ·

227 872 666 975 gumentis,
716 878 1094 948 accedere
1140 899 1313 948 non
1349 874 1622 953 liceat,
1708 875 2108 974 Equidem
2128 877 2327 963 Ant.

232 974 689 1077 Augustino
713 975 1119 1069 assentior,
1148 975 1425 1074 quiex
1452 999 1632 1051 mea
1658 972 2050 1053 sententia
2075 1001 2328 1056 totam

228 1102 402 1153 rem
428 1100 586 1150 acu
609 1073 902 1178 tetigit,
952 1098 1032 1151 et
1055 1076 1418 1179 pluribus
1448 1078 1858 1177 exposuit,
1908 1081 2334 1179 sophistas,

225 1183 586 1256 rhetores
614 1198 698 1250 et
731 1199 1083 1253 oratores
1123 1185 1344 1280 apud
1363 1180 1901 1275 Modestinum
1928 1187 2149 1256 haud
2196 1211 2329 1259 se·-

142 1325 149 1334 ·
225 1306 370 1356 cus
450 1303 548 1353 ac
592 1298 949 1354 ceteros
999 1277 1598 1380 jurisconsultos
1662 1303 1742 1356 et
1804 1280 2330 1379 Imperatores

225 1407 366 1458 eos
416 1377 899 1481 significare,
947 1382 1097 1479 qui
1141 1403 1394 1458 artem
1429 1381 1756 1457 dicendi
1784 1390 2144 1480 tradant3
2196 1412 2327 1462 ar-

225 1502 617 1587 gumenta
662 1505 860 1557 vero
908 1484 1010 1554 ab
1061 1505 1158 1554 eo
1206 1485 1528 1580 prolata
1576 1488 1731 1558 hoc
1778 1487 1961 1559 loco
2008 1509 2330 1583 repete-

227 1610 321 1661 re
371 1604 454 1657 et
499 1579 942 1658 describere
990 1581 1238 1682 piget.
1340 1583 1520 1656 Lib.
1570 1585 1842 1679 singul.
1894 1588 2005 1658 ad
2053 1590 2328 1661 Mode-

164 1762 169 1767 ,
305 1687 404 1762 in.
453 1687 533 1758 in
577 1687 723 1761 Εν.
779 1685 932 1757 ott.
991 1686 1355 1760 {Uzesaum
1404 1686 1569 1781 jur.
1621 1688 1842 1762 Rom.
1922 1688 2126 1785 Tom.
2177 1693 2234 1762 I
2230 1692 2328 1767 V.

215 1816 284 1889 p
391 1838 412 1863 .
470 1779 692 1880 1572·
790 1780 1029 1883 Addo
1077 1785 1251 1866 Jac.
1290 1784 1926 1883 'Gothofredum,
1989 1784 2135 1885 qui
2183 1816 2330 1866 ve-

222 1913 407 1965 rum
453 1868 678 1961 haud
726 1911 948 1963 secus
971 1884 1200 1961 vidit
1249 1909 1332 1962 et
1382 1888 1469 1959 in
1515 1892 2068 1962 commentariis
2104 1897 2231 1964 «ad
2275 1894 2330 1974 Ζ.

220 1992 421 2067 unic.
492 1990 670 2063 Cod.
743 1989 1016 2065 vueod.
1055 1990 1176 2095 'de
1227 1990 1441 2088 prof.
1505 1991 1635 2086 qui
1699 1991 1777 2064 in
1835 1990 2023 2064 vrbe
2088 1993 2332 2076 Cam-t.

223 2104 365 2167 etc.
412 2093 603 2179 (VJ.
633 2087 790 2183 21.)
851 2091 1052 2165 Tem.
1102 2092 1220 2161 ΙΙ.
1266 2119 1350 2188 p.
1404 2100 1585 2173 114.
1640 2112 1725 2164 et
1771 2094 1868 2162 ad
1914 2095 1971 2168 l.
2022 2095 2094 2169 5.
2151 2096 2334 2178 cod.

166 2274 192 2295 x
219 2195 377 2272 2272.
428 2195 523 2264 de
571 2190 772 2266 stud.
820 2189 1030 2266 liber.
1081 2191 1246 2267 urb.
1291 2194 1394 2267 R.
1444 2204 1519 2262 et
1572 2192 1652 2263 C.
1706 2183 1942 2285 (XIV.
1967 2195 2080 2291 9.)
2127 2195 2332 2271 Tom.
2439 2190 2442 2195 '

220 2292 334 2373 ἔγ.
349 2318 546 2392 pag.
574 2315 748 2392 229.
793 2288 1143 2366 dilucide
1189 2295 1345 2366 hac
1392 2295 1494 2365 de
1542 2317 1631 2367 re
1660 2274 2049 2367 disseruit.
2143 2296 2334 2370 Non
2373 2322 2376 2329 ·

224 2395 517 2497 ignoro
566 2395 930 2491 quidem,
982 2390 1392 2468 Tullianis
1440 2394 1928 2493 temporibus
1978 2415 2058 2468 et
2104 2419 2329 2493 post-—

224 2523 333 2572 ea
392 2519 723 2593 quoque
782 2513 1137 2595 oratores
1204 2498 1411 2571 solos
1476 2520 1892 2592 causarum
1954 2518 2366 2600 patronos¹

228 2624 397 2673 esse
467 2600 952 2697 appellatos,
1060 2601 1418 2671 rhetores
1494 2596 1815 2672 dicendi
1884 2598 2337 2700 magistros}

214 2703 456 2798 quod
508 2697 930 2774 discrimen
978 2696 1284 2786 Plinius
1335 2704 1485 2796 Ep.
1516 2702 1666 2775 IV.
1721 2722 1833 2775 11.
1882 2699 2338 2777 brevissime
2417 2727 2418 2732 ’

227 2799 671 2902 significat,
719 2805 911 2874 dum
957 2821 1273 2889 narrat,
1323 2800 1743 2876 Valerium
1792 2800 2339 2895 Licinianum,

226 2902 379 3001 qui
428 2900 875 3003 praetorius
923 2900 1229 2980 Romae
1293 2923 1539 2976 antea
1592 2899 1805 2974 inter
1853 2904 2336 2998 eloquentis-

223 3004 459 3083 simos
510 2999 920 3078 causarum
966 3023 1270 3079 actores
1320 3004 1804 3092 habebatur,
1857 3028 1953 3075 eo
1997 3005 2339 3080 decidis-

224 3132 313 3184 se
329 3159 351 3198 ,
399 3126 496 3181 ut
546 3107 774 3189 exsul
823 3110 922 3177 de
971 3125 1361 3197 senatore,
1411 3109 1683 3177 rhetor
1727 3108 1833 3196 de
1861 3125 2174 3182 oratore
2205 3110 2338 3182 fa·
2391 3129 2394 3132 ·

224 3228 406 3284 ctus
456 3206 576 3281 sit.
677 3205 997 3280 Deinde
1062 3204 1450 3305 sophistas
1517 3232 1568 3279 a
1631 3203 2013 3279 Cicerone
2076 3209 2333 3285 Acad.

223 3309 386 3384 ’1V.
443 3311 566 3385 23.
620 3333 754 3383 eos
805 3305 1053 3382 dictos
1104 3311 1304 3397 esse,
1387 3304 1533 3404 qui
1582 3303 2123 3393 ostentationis
2188 3328 2334 3382 aut
2399 3303 2402 3308 ’

223 3430 602 3509 quaestus
667 3410 927 3512 gratia
1001 3409 1766 3509 philosopharentur
1791 3461 1817 3502 ,
1889 3407 2071 3483 satis
2135 3430 2335 3481 con-
2453 3465 2456 3468 Α

224 3532 409 3587 stat.
468 3510 662 3586 -Sed
726 3515 884 3586 hoc
949 3535 1118 3583 non
1181 3515 1288 3585 ad
1351 3535 1521 3583 rem
1584 3530 1935 3594 nostram
1980 3507 2338 3606 pertinet

230 3612 673 3711 explicare,
722 3617 1128 3709 quomodo
1176 3613 1482 3710 factum
1529 3609 1666 3704 sit,
1715 3631 1809 3683 ut
1848 3609 2178 3686 nomina
2207 3631 2340 3686 so-

229 3715 669 3822 phistarum
705 3740 787 3789 et
824 3732 1227 3787 oratorum
1251 3712 1677 3812 posteriori
1717 3730 1981 3786 aetate
2027 3717 2130 3787 de
2162 3716 2335 3788 elo·-

231 3816 608 3918 quentiae
655 3813 1307 3919 praeceptoribus
1359 3814 2001 3993 intelligeregtakur
2016 3868 2042 3911 ,
2106 3817 2341 3906 dum-3
2453 3919 2456 3922 Ἴ
