2740 4661
1065 184 1380 371 '⁴⁸86

938 312 953 343 ἱ

277 485 438 542 cet:
503 461 880 578 „Legum
908 474 1469 562 praeceptores
1498 460 1582 535 in
1612 459 2035 565 provincia
2080 464 2384 535 docen-

273 591 391 645 tes
457 587 963 643 vacationem
1025 563 1109 660 (i.
1161 589 1232 640 e.
1282 586 1709 639 munerum
1757 564 2144 657 civilium)
2208 588 2383 636 non

144 738 147 743 .
276 672 616 762 habent,
663 669 975 742 Romae
1024 671 1404 743 docentes
1454 671 1830 741 habent.“
1927 667 2173 741 Haud
2224 669 2380 738 du-

166 806 175 812 *
272 772 406 850 bie
454 771 701 879 igitur
747 767 1202 845 immunitas
1244 790 1563 865 eorum,
1609 769 1754 868 qui
1785 775 1906 864 jus
1932 767 2170 847 civile
2194 768 2381 840 Ro.-

275 899 454 951 mae
528 874 928 959 docebant
946 924 970 966 ,
1042 886 1216 944 non
1286 871 1449 951 alia
1519 893 1691 947 erat
1758 897 1857 949 ac
1932 878 2379 946 ceterorum

271 973 633 1052 omnium
690 972 1264 1074 professorum,
1338 973 1484 1072 qui
1548 995 1693 1050 aut
1737 975 2048 1049 Romae
2098 993 2241 1047 aut
2290 971 2380 1042 in

271 1077 449 1158 aliis
498 1075 957 1154 civitatibus
1021 1073 1238 1151 intra
1284 1100 1710 1154 numerum
1759 1075 2203 1178 legitimum
2252 1079 2380 1168 ju-

267 1188 688 1258 ventutem
765 1177 1228 1256 liberalibus
1303 1178 1744 1283 disciplinis
1821 1178 2376 1255 instituebant.

261 1283 438 1361 Nec
487 1303 640 1376 est,
689 1285 926 1378 quod
944 1281 1358 1374 miremur,
1410 1284 1680 1383 legum
1708 1280 2188 1372 doctoribus,
2237 1277 2379 1378 qui

268 1387 584 1473 'Romae
622 1382 1062 1477 florebant,
1109 1407 1306 1487 prae
1357 1405 1637 1457 ceteris
1686 1382 2076 1485 insignem
2119 1381 2380 1454 tribu·
2493 1420 2496 1423 ·

269 1511 447 1564 tum
497 1511 661 1563 esse
709 1487 1098 1562 favorem.
1198 1485 1439 1561 Licet
1483 1487 1701 1562 enim
1752 1513 1855 1560 ex
1902 1485 2043 1558 illo
2093 1483 2378 1557 Mode-

274 1588 466 1668 stini
513 1594 698 1664 loco
749 1608 1176 1688 appareat,
1237 1584 1433 1689 juris
1482 1587 1736 1679 civilis
1785 1591 2093 1663 scholas
2138 1610 2377 1690 prae·-

265 1714 391 1766 ter
417 1692 876 1783 Romanam
919 1700 1099 1763 non'
1118 1689 1408 1767 vetitas
1438 1690 1717 1769 fuisse:
1766 1692 2075 1763 Romae
2103 1709 2378 1762 tamen

259 1799 509 1894 longe
598 1790 1192 1864 celeberrimam
1262 1789 1456 1888 juris
1531 1791 2032 1892 disciplinam
2115 1788 2380 1881 fuisse,

258 1894 446 1976 satis
496 1913 833 1967 constat.
936 1891 1443 1994 Quamquam
1478 1892 1723 1994 igitur
1761 1919 1866 1972 ex
1903 1889 2144 1969 variis
2181 1916 2379 1990 pro-

263 1994 551 2076 vinciis
599 1993 951 2081 Romani
1001 1992 1629 2094 imperii-etiam⁴
1669 1994 2007 2070 aliorum
2071 1993 2377 2067 studio-

269 2124 453 2176 rum
503 2122 778 2190 causa,
830 2103 936 2172 ad
963 2098 1266 2172 Urbem
1305 2118 1639 2197 propter
1678 2098 1994 2197 copiam
2033 2095 2376 2195 optimo-

264 2218 448 2279 rum
472 2200 1067 2303 magistrorum,
1116 2222 1530 2298 tamquam
1559 2205 1664 2279 ad
1690 2223 2165 2291 mercatum,
2213 2220 2374 2269 un·-

263 2304 508 2406 dique
583 2324 878 2406 magno
951 2327 1291 2378 numero
1359 2301 1694 2401 juvenes
1764 2301 2373 2380 confluxeruntz

262 2431 541 2483 tamen
610 2404 806 2508 juris
878 2403 1374 2506 potissimum
1449 2405 1806 2483 discendi
1885 2429 2129 2482 causa
2201 2402 2373 2501 peti

256 2513 604 2590 Romam
653 2536 705 2582 a
752 2505 1382 2613 provincialibus
1433 2508 1746 2585 solitam
1789 2506 2069 2599 fuisse,
2115 2508 2374 2584 multa

208 2685 209 2688 ,
243 2632 581 2691 exstant
610 2617 1120 2685 documenta.
1215 2613 1490 2687 Herm,
1525 2612 1871 2705 conring.
1899 2610 2235 2683 Dissert.
2262 2610 2374 2687 ad

257 2721 408 2816 leg.
431 2738 499 2808 ι,
535 2714 618 2792 C.
644 2714 778 2785 Th.
812 2715 906 2783 de
933 2725 1029 2786 st.
1058 2712 1280 2790 liba.
1308 2714 1409 2785 R.
1441 2725 1514 2790 et
1547 2713 1629 2786 C.
1657 2713 1886 2786 XIV.
1904 2735 1976 2810 9.
1994 2739 2084 2815 p.
2111 2716 2226 2794 14.
2257 2735 2369 2808 sq.
2477 2729 2516 2748 ·‘

263 2817 512 2915 Quod
563 2813 651 2885 in
701 2811 1204 2914 Fragmentis
1254 2811 1674 2889 Vaticanis
1721 2833 2012 2912 nuper·
2036 2810 2370 2911 repertis

237 2919 334 3020 ·.§
374 2912 541 2994 150.
569 2914 1054 3012 dictumest,
1103 2938 1236 2988 eos
1262 2913 1423 3012 ‘qui
1461 2912 1582 3012 jus
1626 2914 1863 2989 civile
1890 2914 2269 3005 doceant,
2301 2938 2373 3005 ¹a

258 3016 533 3101 tutelis
559 3043 731 3093 non
757 3017 1157 3109 excusari,
1205 3029 1678 3118 argumento
1708 3042 1876 3089 non
1903 3038 2051 3108 est,
2101 3035 2366 3089 aetate

258 3119 498 3221 hujus
552 3119 1045 3197 collectionis
1109 3123 1352 3217 (quae
1429 3119 1515 3190 in
1566 3117 1990 3193 Occidenti
2038 3120 2371 3191 fortasse

258 3245 618 3300 exeunte
641 3226 958 3301 saeculo
987 3244 1280 3319 quarto
1303 3241 1446 3295 aut
1475 3246 1580 3296 ex
1613 3211 2027 3322 ingeniosa
2043 3220 2368 3294 Schroe-

255 3327 447 3421 teri,
519 3325 700 3405 'Viri
763 3323 957 3396 mihi
1038 3321 1450 3420 carissimi,
1523 3323 1985 3422 conjectura
2046 3325 2368 3395 saeculo

261 3429 554 3528 quinto
603 3428 816 3508 inter
864 3450 1120 3503 annos
1182 3425 1335 3510 426
1382 3447 1476 3499 -et
1523 3429 1674 3511 438
1729 3451 1825 3498 eo
1876 3423 2369 3524 potissimum

259 3529 630 3623 consilio,
709 3551 804 3603 ut
865 3526 1053 3630 juris
1116 3546 1537 3632 praecepta
1603 3532 2045 3601 secundum
2108 3529 2369 3626 legem

259 3631 824 3712 Valentiniani
871 3632 1050 3724 111„
1133 3633 1384 3730 vulgo
1438 3627 1906 3731 Citirgesetz
1974 3629 2370 3717 vocatam,

257 3740 310 3811 l.
363 3760 429 3813 1.
474 3737 555 3809 C.
595 3737 729 3808 Th.
777 3740 872 3807 de
907 3761 1102 3830 resp.
1133 3737 1372 3831 prud2
1405 3735 1473 3809 1.
1515 3739 1626 3823 4.,
1661 3731 2266 3832 colligerentur,
2319 3754 2372 3805 a

254 3833 570 3951 privato
637 3841 989 3940 quodam
1041 3836 1249 3914 facta
1302 3856 1456 3936 est;
1537 3836 1641 3913 cf.
1708 3836 2107 3939 Ephemer.
2171 3834 2319 3907 litt.
2336 3886 2365 3925 ,
2461 3883 2465 3887 -
