2740 4661
1411 243 1520 320 26

1048 332 1057 341 ¹
1107 320 1128 351 Χ

425 454 835 531 scientiam
866 459 1033 543 vel.
1084 476 1177 528 ut
1226 444 1548 559 egregia
1580 436 1915 558 Ulpiani
1963 463 2512 561 appellatione

415 570 603 631 utar
650 561 702 632 l.
757 581 821 633 1.
848 557 919 652 §.
945 554 1019 635 5.
1048 560 1238 652 Dig.
1271 564 1365 630 de
1405 567 1782 637 extr-cord.
1812 566 2079 657 cognit.
2107 567 2208 640 L.
2244 591 2308 642 ι.
2287 618 2342 655 .,
2393 566 2511 641 ci·

413 659 658 735 vilem
706 658 1173 756 sapientiam
1220 663 1545 756 professi
1603 687 1835 754 sunt,
1905 664 2257 739 omnium
2307 691 2505 742 vero

412 762 705 869 primus
755 760 1132 836 Tiberius
1187 762 1736 856 Coruncanius
1796 764 2154 865 profiteri
2221 766 2507 864 coepit,

411 887 665 961 quum
714 863 954 938 ceteri
1009 860 1548 978 jurisconsulti
1609 872 1711 940 ad
1773 873 1994 940 hunc
2055 892 2310 966 usquc
2359 873 2508 943 ab·

408 964 877 1042 sconditum
917 965 1038 1065 jus
1102 962 1339 1040 civile
1394 964 1701 1064 sibique
1762 968 2167 1065 proprium
2228 992 2506 1047 tenere

408 1066 856 1183 cogitarent
953 1068 1364 1165 solumque
1464 1069 2132 1144 consultatoribus
2241 1072 2504 1168 potius

406 1193 654 1265 quam
705 1167 1002 1242 discere
1053 1194 1104 1242 v
1108 1169 1504 1245 olentibus
1550 1197 1631 1245 se
1679 1192 2184 1272 praestarent.
2289 1176 2388 1249 L.
2433 1196 2504 1245 a.

415 1272 483 1366 §.
515 1269 638 1346 35.
669 1272 780 1347 D.
804 1274 912 1342 de
952 1274 1133 1364 orig.
1162 1273 1370 1366 juris
1419 1275 1486 1346 I.
1536 1297 1606 1344 2·
1651 1277 2025 1349 Zimmern
2066 1275 2502 1347 Gesohichte

405 1376 540 1445 des
587 1375 811 1447 R’o'm.
856 1375 1201 1450 Privatr.
1245 1373 1358 1444 bis
1395 1375 1778 1453 Iustinian
1818 1378 1975 1449 Bd.
2022 1379 2090 1448 I.
2140 1375 2500 1451 Abth.1.

462 1606 465 1609 ’
605 1577 893 1649 Restat
934 1573 1468 1668 medicina,
1519 1600 1686 1674 qua
1709 1583 1811 1650 de
1837 1597 2009 1651 arte
2036 1579 2309 1673 paullo
2329 1510 2499 1672 ple·

373 1674 585 1752 'nius
613 1676 1038 1750 dicendum
1077 1676 1251 1749 erit·
1354 1678 1557 1751 Gato
1582 1681 1862 1792 tradit,
1912 1682 2299 1791 populum
2327 1679 2504 1751 Ro-

398 1803 727 1854 manum
777 1777 1166 1863 sexcentis
1225 1779 1393 1851 fere
1458 1779 1688 1853 annis
1748 1779 2145 1853 medicina
2206 1780 2500 1854 brassi-

404 1906 550 1960 cae
597 1903 829 1953 usum
878 1904 1076 1970 esse,
1127 1902 1338 1976 quae
1391 1887 1608 1996 apud
1645 1866 1991 1956 Graecos
2043 1879 2503 1978 antiquissi-

399 2007 571 2058 mos
612 2003 694 2054 et
729 1981 1103 2055 Etruscos
1153 1981 1393 2055 etiam
1443 1983 1532 2054 in
1576 2008 1875 2097 magno
1895 2005 2046 2057 usu
2071 2008 2165 2073 ac
2192 1988 2499 2056 honore

399 2084 640 2158 fuisse
692 2080 986 2157 dicitur
1046 2107 1088 2154 a
1135 2084 1567 2180 multisque
1625 2084 2028 2160 veteribus
2093 2082 2496 2185 scriptori·

396 2188 547 2260 bus
592 2209 795 2257 non
814 2209 1051 2279 parce
1103 2187 1503 2260 celebrata
1550 2208 1688 2260 est.
1792 2187 1978 2257 Cato
2006 2189 2101 2259 de
2139 2212 2222 2257 re
2253 2186 2496 2257 rusti-

396 2315 495 2362 ca
525 2283 785 2364 c.156.
816 2290 1063 2383 sq.'.ed
1090 2288 1518 2364 Schneider.
1551 2290 1755 2368 Plin.
1773 2289 1977 2384 Maj.
1993 2289 2289 2362 Hister.
2315 2288 2495 2360 Na·-

395 2405 549 2466 tur.
595 2393 776 2462 XX·
820 2414 881 2463 ε.
928 2413 1047 2463 ιι.
1092 2392 1297 2461 Plin.
1345 2393 1428 2463 V
1422 2390 1743 2464 aleman
1780 2393 1874 2460 de
1913 2416 1996 2461 re
2031 2391 2304 2463 medic.
2341 2389 2494 2463 IV.

393 2518 461 2567 c.
493 2513 614 2590 29.
643 2489 732 2563 in
757 2514 888 2590 op.
921 2490 1207 2562 Medici
1243 2504 1402 2566 ant.
1432 2517 1678 2564 omnes
1717 2504 1862 2564 etc·
1884 2493 1999 2560 ed.
2041 2489 2231 2564 Αἶά.
2276 2483 2495 2584 1547·

374 2594 537 2689 fol.
565 2598 741 2674 204.
774 2618 851 2666 a.
948 2593 1312 2685 Sprengel
1350 2584 1791 2667 Gesclzichte
1836 2594 1972 2662 der
2013 2589 2491 2668 Arzneihm-

393 2696 521 2770 de.
623 2704 747 2763 2te
777 2690 992 2781 Aufl.
1033 2689 1802 2785 5172.1.S.305.4.73
1902 2689 2281 2806 Longum
2327 2715 2498 2766 esse
2557 2765 2564 2768 ,

250 2796 261 2803 ‘
316 2859 319 2862 ,
388 2792 784 2869 brassicae
844 2794 1121 2868 laudes
1187 2792 1519 2889 exsequi
1573 2792 1879 2868 Plinius
1939 2790 2193 2892 major
2248 2791 2362 2866 ait
2408 2811 2492 2868 et

388 2916 644 2970 totam
694 2918 862 2967 rem
926 2890 1384 2992 diligentius
1443 2893 1989 3007 persequitur,
2067 2914 2160 2966 ut
2205 2917 2493 2969 nosca-

387 3018 563 3087 tur,
626 3020 794 3093 qua
842 2993 1239 3068 medicina
1286 3018 1472 3069 usus
1523 2994 1622 3070 sit
1675 2994 1904 3069 annis
1952 2994 2127 3067 Dc.
2173 2996 2495 3072 Roma-

386 3122 543 3186 nus
592 3099 954 3210 populus.
1053 3093 1321 3169 Antea
1357 3095 1636 3209 igitur,
1686 3117 1779 3172 ut
1807 3094 2048 3172 Plinii
2073 3093 2493 3176 Valeriani

277 3281 281 3286 ,
385 3220 576 3274 utar
599 3196 899 3287 verbis,
948 3201 1311 3270 nondum
1351 3223 1440 3269 ιιι
1489 3200 1791 3273 Urbem
1849 3216 2490 3274 commeaverant

382 3299 712 3393 medici,
769 3296 915 3394 qui
964 3297 1050 3369 in
1097 3317 1346 3370 artem
1396 3305 1915 3402 redegerunt,
1964 3303 2488 3397 quemadmo-

386 3408 582 3478 dum
619 3423 914 3517 magno
976 3397 1267 3476 sanitas
1328 3422 1677 3492 constet,
1753 3421 1835 3475 et
1894 3399 2314 3500 peregrina
2366 3425 2490 3473 se-

384 3529 570 3580 cum
616 3502 1023 3605 pigmenta
1073 3503 1558 3593 attulerunt,
1636 3521 1732 3577 ut
1781 3500 1934 3578 illis
1979 3502 2490 3598 imponerent
2555 3549 2558 3552 ι

356 3602 645 3709 pretia
710 3628 921 3701 quae
969 3604 1299 3677 vellent·
1423 3602 2137 3682 verumenimvero
2207 3626 2484 3680 secun·

310 3795 311 3798 Ἴ
379 3713 576 3779 dum
624 3706 975 3778 Plinium
1023 3699 1403 3800 majorem
1455 3703 1762 3779 Cassius
1788 3703 2135 3781 Hemina
2178 3729 2283 3777 ex
2335 3727 2488 3784 an-

374 3805 837 3906 tiquissimis
887 3829 1169 3884 auctor
1234 3829 1387 3895 est,
1463 3806 1803 3908 primum
1868 3831 1913 3880 e
1962 3804 2280 3883 medicis
2335 3829 2478 3884 ve·
