2740 4661
1336 203 1540 282 56-

1238 302 1539 331 -ιὺ--ιι-ο

333 424 526 529 phis
574 423 679 499 in
735 426 896 520 lege
971 448 1034 500 ι.
1096 423 1168 520 §.
1218 430 1294 507 4.
1341 424 1536 521 Dig.
1588 423 1683 494 cle
1745 423 2122 497 extraord.
2176 423 2460 516 cognit.

351 533 454 600 L.
515 529 628 602 13.
683 525 966 602 salaria
1010 524 1290 627 negari
1337 545 1615 627 putat,
1664 521 1752 595 in
1799 522 1950 597 ista
1999 521 2215 599 enim
2265 526 2445 622 lege

276 698 279 699 γ
349 654 520 703 ιιοιι
569 634 669 704 de
718 627 1016 703 salariis
1046 634 1180 702 sed
1232 633 1331 715 de
1381 626 1870 719 mercedibus
1893 625 2157 738 agitur
2186 648 2449 720 eaque
2525 638 2528 649 ’

353 737 479 806 de
504 757 591 804 re
655 728 868 806 infra
928 731 1246 828 plenius
1310 713 1742 843 dicendum
1804 724 1976 802 erit.
2079 726 2454 803 Philoso-
2531 822 2534 825 Δ

349 839 554 947 phos
605 853 864 906 autem
913 832 1251 930 perinde
1301 856 1398 904 ac
1447 852 1748 906 ceteros
1793 829 2271 927 professores
2322 855 2451 899 sa-

350 935 555 1009 laria
629 932 1064 1031 accepisse,
1151 934 1658 1035 Symmachus
1734 951 2015 1004 auctor
2084 950 2238 1021 est,
2309 928 2454 1025 qui

248 1076 251 1081 >
348 1033 848 1113 Priscianum
894 1036 1464 1133 philosophum
1526 1033 1828 1112 Senatu
1878 1052 2196 1108 auctore
2255 1037 2453 1105 sala-

351 1137 452 1210 rii
505 1139 1040 1256 emolumenta
1101 1155 1617 1215 consecutum
1677 1160 1840 1217 esse
1903 1155 2204 1214 narrat
2303 1136 2456 1229 Ep.

352 1243 655 1338 1-79·
2543 1320 2544 1323 ,

548 1348 625 1423 4.
689 1339 1176 1416 Professores
1239 1358 1399 1436 jam
1461 1341 1564 1417 ab
1631 1302 2192 1445 antiquissimis
2254 1355 2455 1413 tem-

349 1440 675 1539 poribus
729 1433 828 1514 de
889 1441 1382 1520 mercedibus
1449 1438 1913 1538 disciplinae
1978 1463 2161 1513 cum
2225 1436 2457 1509 disci-

348 1544 561 1640 pulis
613 1542 768 1616 suis
818 1544 1114 1641 pacisci
1162 1546 1549 1618 solebant·
1652 1544 1850 1613 Suet.
1906 1544 1998 1611 de
2050 1542 2160 1615 ill.
2186 1564 2462 1650 gram-3
2503 1595 2508 1599 ,
2609 1566 2612 1569 >

352 1658 538 1718 mat.
606 1672 665 1718 c.
723 1647 793 1721 3.
846 1671 920 1742 7.
983 1650 1095 1721 13.
1204 1645 1502 1718 Fuere
1537 1642 1898 1742 quidem,
1980 1639 2119 1747 qui
2186 1637 2467 1735 majori

351 1746 568 1822 fama
617 1759 862 1838 quam
913 1749 1452 1821 emolumento
1504 1750 1921 1833 docerent,
2001 1743 2253 1821 veluti
2305 1740 2467 1814 Oi·-

350 1844 589 1916 bilius
630 1845 992 1943 Pupillus
1018 1848 1647 1923 Beneventanus
1682 1844 2268 1959 grammatiCUS,
2318 1843 2465 1940 qui

359 1951 687 2021 consule
727 1948 1112 2023 Cicerone
1135 1951 1480 2026 Romam
1528 1950 1909 2025 veniebat
1960 1969 2226 2043 etjam
2275 1971 2465 2044 per-z

360 2073 610 2130 senex
684 2074 1125 2148 pauperem
1200 2076 1282 2127 se
1356 2072 1439 2130 et
1522 2050 1881 2131 habitare
1956 2053 2101 2123 sub
2179 2049 2469 2149 tegulis

351 2150 655 2266 scripto
718 2158 1073 2255 quodam
1129 2153 1560 2229 fatebatur.
1659 2155 1863 2227 Suet.
1915 2155 1969 2225 l.
2020 2154 2074 2221 ἰ
2126 2177 2188 2223 6.
2240 2176 2312 2249 9.
2365 2151 2490 2224 cf.

258 2288 293 2310 ἰ
354 2252 596 2326 etiam
627 2280 687 2334 6.
731 2279 856 2333 20.
956 2254 1198 2332 Multi
1246 2280 1440 2334 vero
1492 2257 1765 2335 schola
1816 2257 2147 2324 honeste
2196 2278 2277 2329 se
2324 2275 2466 2323 su·-

332 2377 915 2431 .stentaverunt
940 2413 964 2452 ,
1062 2357 1292 2432 verbi
1353 2357 1633 2473 ’gratia
1703 2353 2055 2432 Verrius
2108 2353 2474 2453 FlaccuS‚

356 2458 503 2554 qui
553 2460 937 2536 sestertia
953 2480 1309 2534 centena
1347 2459 1432 2534 in
1485 2481 1792 2536 annum
1842 2456 2193 2570 accepit,
2260 2460 2469 2532 Suet
2503 2544 2515 2549 ³

360 2557 1186 2650 l.l.o.17.15.·;nec
1238 2560 1560 2640 defuere
1610 2560 1884 2650 etiam,
1935 2560 2224 2655 quibus
2277 2583 2463 2629 eru-

358 2657 559 2731 ditio
642 2686 786 2734 sua
858 2662 1231 2736 maximos
1274 2664 1613 2740 fructus
1690 2664 1956 2742 ferret.
2059 2657 2471 2740 Remmius

358 2760 573 2831 enim
624 2764 1059 2835 Palaemon
1101 2762 1619 2855 VicentinuS,
1672 2763 1814 2877 qui
1848 2762 2294 2866 principem
2323 2786 2492 2834 suo.

356 2882 716 2960 tempore
780 2868 1047 2942 locum
1113 2864 1324 2941 inter
1392 2864 1939 2979 grammaticos
1988 2865 2296 2941 Romae
2347 2884 2471 2933 te-..·

330 2963 580 3055 ¹nuit,
647 2990 1135 3062 quamquam
1209 2966 1523 3044 infamis
1602 2965 1968 3044 omnibus
2042 2964 2251 3043 vitiis
2314 2988 2466 3075 pa·-

351 3068 679 3161 lamque
746 3090 825 3141 et
889 3068 1230 3146 Tiberio
1316 3092 1399 3144 et
1461 3096 1655 3147 mox
1727 3067 2068 3148 Claudio
2147 3066 2467 3165 praedi«-

357 3168 757 3257 cantibus.
836 3172 1140 3260 nemini
1207 3170 1470 3248 minus
1536 3171 2117 3245 institutionem
2165 3193 2468 3268 puero-

357 3294 538 3341 rum
610 3274 746 3348 vel
806 3270 1192 3369 juvenum
1255 3276 1947 3387 committendam,
2026 3293 2298 3348 tamen
2360 3297 2467 3344 ex

358 3376 633 3455 schola
686 3374 1205 3488 quadragena
1257 3401 1533 3449 annua
1583 3376 1820 3476 cepit,
1871 3372 2065 3475 quia
2122 3371 2465 3445 homini-

360 3474 508 3546 bus
564 3499 814 3569 quum
865 3476 1241 3550 memoria
1298 3503 1563 3550 rerum
1633 3500 1801 3550 tum
1868 3464 2253 3549 facultate
2306 3487 2465 3551 ser-

336 3576 612 3646 lmonis
661 3605 740 3649 se
792 3580 1418 3654 commendabat.
1519 3581 1723 3653 Suet.
1788 3582 1839 3653 l.
1886 3583 1942 3649 l
1999 3605 2061 3652 6.
2115 3580 2239 3650 23.
2343 3575 2467 3647 Cf.
2548 3627 2557 3636 „

360 3674 598 3747 etiam
650 3682 702 3751 l.
761 3704 828 3758 2.
884 3680 947 3775 ᾗ.
1003 3693 1125 3770 47.
1183 3683 1292 3751 D.
1351 3686 1445 3758 de
1495 3682 1682 3773 orig.
1722 3684 1900 3775 jur.
1951 3681 2285 3769 „Sabino
2335 3704 2466 3748 nec

306 3811 311 3816 ’
357 3780 1108 3879 wnplaefacultates
1126 3785 1487 3880 fuerunt,
1542 3786 1676 3856 sed
1713 3783 2133 3884 plurimum
2203 3808 2254 3861 a
2310 3782 2462 3879 suis
