2740 4661
1162 221 1378 319 ¹21

292 430 558 523 biisse,
625 404 729 503 ut·
779 431 1119 506 dictione
1167 430 1573 534 proposita
1618 437 1995 531 probatus
2045 459 2085 505 a
2132 434 2367 506 Prae-

287 534 499 604 fecto
551 554 751 605 tunc
797 532 1252 628 Symmacho
1291 535 1773 627 mitteretur-3
1822 556 1901 606 et
1925 535 2033 608 sic
2056 535 2397 608 Medio-‘
2471 603 2478 614 .

289 637 568 706 lanum
606 639 697 706 ad
723 631 1217 707 Ambrosium
1250 628 1707 735 episcopum
1730 634 2058 713 venisse.
2170 637 2365 709 Con-

269 735 468 824 sese.
532 737 626 808 V.
687 739 798 809 13.
864 738 1182 808 Heeren.
1235 740 1283 809 l.
1337 741 1385 808 l.
1438 738 1504 829 §.
1559 761 1675 810 20.
1782 750 1786 755 ’
2217 751 2222 756 ’

487 835 773 909 Restat
822 840 1073 909 solum
1122 859 1214 911 ut
1264 842 1764 925 adnotemus,
1814 837 2024 909 inter
2070 854 2367 910 utram-

289 959 451 1049 que
515 958 792 1028 artem,
873 938 1459 1036 grammaticam
1520 960 1598 1012 et
1658 937 2150 1031 rhetoricam
2189 959 2386 1010 non

288 1038 464 1111 satis
519 1060 768 1112 certos
819 1039 1051 1110 fuisse
1078 1039 1298 1112 fines.
1403 1037 2072 1120 Jamaveteribus
2094 1052 2366 1152 gram-

287 1139 600 1212 matidis
634 1138 1029 1214 rhetorica
1076 1141 1309 1218 etiam
1361 1145 1829 1231 docebatur,
1876 1164 1988 1212 ac
1984 1138 2235 1215 multi
2265 1143 2367 1212 de
2435 1222 2436 1229 ἵ

283 1261 632 1335 utraque
657 1262 827 1313 arte
855 1241 1442 1317 commentarios
1476 1240 1975 1339 scripserunt.
2077 1241 2367 1315 Postea
2471 1298 2474 1301 ¹

284 1342 668 1415 discretae
713 1342 1034 1438 quidem
1081 1366 1265 1416 sunt
1325 1342 1881 1441 professiones;
1955 1341 2365 1415 nihilomi-

280 1467 433 1516 nus
497 1467 691 1517 vero
755 1443 1222 1558 posteriores
1285 1467 1609 1542 quoque
1675 1441 2194 1541 grammatici
2228 1444 2366 1518 vel

208 1635 213 1641 .
282 1543 790 1617 retinuerunt
852 1547 983 1618 vel
1044 1544 1559 1617 instituerunt
1604 1549 1689 1621 ‘et
1737 1543 1902 1657 ipsi
1968 1548 2365 1662 quaedam

281 1669 581 1745 genera
625 1644 1212 1729 institutionum
1261 1651 1366 1720 ad
1416 1644 1956 1744 eloquentiam
2013 1669 2366 1757 praepa-.-

226 1820 241 1835 ,
279 1751 649 1837 randam,
722 1771 830 1820 ne
891 1747 1183 1822 scilicet
1246 1746 1431 1820 sicci
1492 1747 1816 1820 omnino
1866 1768 2111 1843 atque
2162 1743 2369 1820 aridi

279 1847 527 1945 pueri
559 1847 1004 1937 rhetoribus
1070 1846 1595 1922 traderentur.
1699 1852 1899 1923 Suet.
1941 1854 2033 1918 de
2086 1850 2361 1919 illustr.

274 1948 694 2061 grammat.
745 1977 807 2021 c.
862 1956 934 2031 4.
1031 1952 1273 2022 Unde
1325 1947 1868 2061 Quintilianus
1915 1947 2363 2025 11.1.1-6.

281 2054 684 2150 queritur,
731 2055 1083 2125 rhetores
1123 2075 1297 2124 suas
1322 2073 1589 2165 partes
1617 2048 1955 2123 omisisse
1984 2071 2064 2122 et
2099 2066 2365 2147 gram-

273 2152 626 2231 maticos
669 2151 967 2233 alienas
1031 2155 1535 2250 occupavisse
1599 2172 1680 2222 et
1743 2149 1929 2220 hinc
1981 2152 2367 2240 accidere,

276 2274 372 2325 ut
420 2275 631 2349 quae
682 2252 1002 2326 alterius
1051 2253 1239 2327 artis
1287 2278 1541 2353 pr1ma
1591 2250 1747 2323 sint
1798 2274 2074 2347 opera,
2147 2251 2366 2322 facta

164 2367 171 2372 '
275 2355 439 2428 sint
489 2355 808 2428 alterius
852 2354 1311 2433 novissima·
1363 2376 1444 2426 et
1493 2373 1698 2426 aetas
1749 2352 2157 2426 altioribus
2205 2347 2366 2449 jam
2413 2351 2418 2364 ’

282 2453 708 2552 disciplinis
753 2446 1052 2547 debita,
1104 2455 1188 2527 in
1239 2457 1508 2536 schola
1541 2451 1846 2525 minore
1885 2451 2234 2525 subsidat
2268 2474 2365 2525 ac

277 2556 743 2629 rhetoricam
793 2563 1025 2654 apud
1050 2556 1596 2657 grammaticos
1647 2576 2038 2631 exerceat.

328 2659 337 2684 “’
479 2657 1204 2766 Philosophiam
1242 2661 1590 2758 perinde
1618 2681 1712 2731 ac
1746 2676 2046 2729 ceteras
2070 2654 2364 2730 libera-

192 2845 197 2850 ·
282 2762 396 2830 les
423 2755 872 2855 disciplinas
904 2785 948 2831 e
967 2760 1651 2834 GraeciaRomam
1682 2764 2146 2832 translatam
2174 2782 2363 2848 esse,

279 2857 463 2934 satis
494 2880 824 2932 constat.
876 2860 1055 2940 Jam
1084 2862 1586 2960 Pythagorae
1612 2859 2068 2951 doctrinam,
2109 2882 2364 2953 quum.

183 3009 195 3023 .
274 2964 549 3075 longe
569 2964 891 3056 lateque
941 2960 1250 3052 flueret,
1298 2960 1875 3059 permanavisse
1926 2960 2012 3031 in
2060 2960 2364 3032 Roma-

274 3085 458 3132 nam
483 3060 922 3150 civitatem,
973 3085 1222 3158 quum
1251 3060 1708 3177 conjectura
1734 3061 2162 3158 probabile,
2190 3081 2390 3134 tum-

274 3160 752 3258 quibusdam
801 3160 1038 3237 etiam
1082 3162 1428 3263 vestigiis
1479 3161 1815 3236 indicari
1846 3161 2214 3270 Ciceroni
2236 3160 2364 3232 vi-

278 3269 536 3351 detur.
679 3265 976 3336 Ta'scul.
1029 3267 1176 3338 IV.
1228 3286 1301 3337 1.
1412 3262 1670 3358 „Quis
1736 3263 1973 3335 enim
2012 3284 2167 3348 est,
2234 3260 2362 3328 in-

276 3367 490 3460 quit,
542 3365 683 3460 qui
731 3386 1002 3479 putet,
1054 3390 1331 3462 quum
1332 3363 1671 3437 floreret
1720 3363 1807 3435 in
1840 3363 2073 3438 Italia
2106 3360 2362 3431 Grae-

276 3465 403 3539 cia
452 3465 1007 3563 potentissimis
1056 3488 1136 3539 et
1184 3465 1540 3539 maximis
1591 3465 1916 3539 urbibus
1968 3487 2098 3551 ea,
2145 3481 2360 3557 quae

271 3568 576 3667 Magna
625 3568 837 3641 dicta
888 3589 1038 3657 est,
1088 3570 1175 3639 in
1226 3566 1506 3662 hisque
1558 3566 1900 3664 primum
1928 3561 2168 3659 ipsius
2195 3561 2362 3657 Py·-

278 3667 660 3768 tha'gorae
680 3722 701 3759 ,
774 3668 1061 3743 deinde
1122 3690 1402 3770 postea
1449 3669 2128 3775 Pythagoreorum
2177 3684 2364 3736 tan-

282 3788 452 3842 tum
420 3794 855 3908 nomen&
899 3792 1097 3849 esset
1120 3825 1143 3866 ,
1242 3790 1697 3845 nostrorum
1773 3765 2183 3860 hominum
2257 3769 2364 3837 ad
