2740 4661
1204 250 1314 334 69

1116 354 1157 378 u·
1204 357 1211 361 .
1375 354 1408 379 Ἰ

212 480 435 555 sione
489 474 572 550 e't
618 470 1051 588 corporalis
1082 473 1392 553 laboris
1443 473 1893 549 intentione
1938 475 2110 550 sine
2162 477 2309 551 ali-

211 605 374 679 quo
425 577 772 680 gerentis
824 574 1301 655 detrimento
1364 590 1936 691 perpetrantur
1960 631 1981 669 ,
2053 580 2320 652 veluti

206 686 463 757 tutela
512 700 655 754 aut
705 701 939 770 cura,
1004 679 1359 753 defensio
1409 677 1794 769 civitatis,
1860 677 1940 748 id
1994 701 2146 770 est,
2213 703 2307 753 ut

211 782 502 881 aliquis
554 780 921 878 syndicus
974 781 1152 873 fiat,
1203 779 1638 854 calendarii
1686 790 2016 876 quoque
2070 806 2303 856 cura-

210 885 349 973 tio
379 906 459 959 et
504 902 936 983 quaestura
987 883 1073 954 in
1119 881 1395 979 aliqua
1446 881 1796 961 civitate.
1867 883 2148 996 ,Porro
2198 883 2303 954 ti-

204 994 496 1061 renum
552 985 718 1060 sive
768 1004 1195 1080 equorum
1211 983 1672 1087 productim
1723 1004 1804 1055 et
1844 981 1905 1055 si
1946 1006 2110 1080 qua
2142 985 2302 1058 alia

203 1088 601 1163 animalia
645 1087 1087 1160 necessario
1145 1091 1669 1202 producenda
1731 1089 1867 1158 vel
1928 1112 2051 1158 res
2113 1111 2298 1184 per-

200 1194 624 1266 vehendae
673 1206 897 1278 sunt,
962 1188 1189 1279 verbi
1239 1186 1499 1290 gratia
1546 1185 1941 1287 peeuniae
1994 1187 2296 1261 fiscales

201 1297 334 1369 vel
387 1312 719 1366 annona
781 1289 949 1365 sive
1012 1289 1288 1382 vestis,
1362 1310 1756 1404 personae
1818 1304 2106 1362 munus
2158 1308 2298 1363 est.

199 1395 401 1470 It'em
452 1414 725 1466 cursus
773 1391 1254 1466 vehicularia
1296 1391 1806 1480 solliciti-ide»,
1881 1392 2298 1465 calefactio

199 1494 507 1616 publici
558 1490 864 1608 balnei,
939 1493 1001 1566 si
1064 1515 1169 1566 ex
1215 1492 1595 1569 reditibus
1644 1490 1992 1565 civitatis
2043 1492 2297 1566 alicu-

194 1595 319 1712 jus
366 1595 711 1692 pecunia
761 1592 1430 1685 subministratur,
1474 1613 1735 1709 porro
1786 1614 1981 1667 cura
2029 1614 2296 1667 custo-

195 1697 473 1774 diendi
522 1701 1107 1813 aquaeductus,
1146 1698 1596 1793 camelasia‚
1648 1695 1732 1768 id
1783 1717 1900 1769 est
1950 1700 2294 1770 camelo-

192 1816 385 1874 rum
444 1796 783 1914 agitatio
844 1798 1443 1899 exhibitioque,
1526 1811 1903 1872 annonae
1987 1797 2296 1891 divisi0‚

195 1899 606 2002 judicandi
634 1902 1061 1974 necessitas
1086 1924 1170 1973 et
1220 1914 1597 1975 sexcenta
1648 1897 1807 1976 alia
1857 1897 2069 1973 inter
2115 1926 2294 1971 mu·-

198 2028 398 2078 nera
457 2002 912 2101 personalia
975 2006 1403 2076 habentur·
1507 2006 1609 2078 L
1686 2030 1746 2074 ι.
1816 2003 1880 2097 §.
1934 2010 2186 2086 2-4
2237 2006 2291 2079 l.

199 2105 436 2205 18.§
516 2129 807 2200 ι-ι7,
875 2106 980 2174 D.
1036 2108 1131 2177 de
1180 2131 1381 2179 mun.
1431 2119 1504 2176 et
1552 2107 1723 2179 hon.
1788 2107 1888 2174 L.
1944 2113 2016 2185 4.
2118 2106 2287 2176 Pa·-

190 2204 883 2320 trimoniorum
945 2225 1133 2277 sunt
1192 2216 1568 2292 munera,
1642 2192 1854 2301 quae
1904 2204 2285 2277 sumtibus
2387 2218 2394 2229 “

162 2306 673 2411 patrimonii
723 2326 810 2381 et
860 2304 1172 2412 damnis
1247 2297 1871 2380 administrantis
1953 2304 2284 2406 expedi-

186 2432 461 2486 untur.
561 2409 786 2483 Haec
810 2433 1005 2492 vero
1027 2423 1362 2482 munera
1386 2408 1742 2507 duplicia
1770 2425 1993 2503 sunt3
2045 2431 2284 2505 quae

186 2519 372 2587 dam
424 2510 636 2602 enim
682 2511 1250 2610 possessoribus
1286 2509 1856 2626 injunguntur,
1911 2510 2078 2586 sive
2100 2534 2281 2583 mu-

190 2614 495 2712 nicipes
544 2616 681 2689 vel
727 2613 1045 2687 incolae
1090 2628 1279 2687 sunt
1322 2639 1489 2710 sive
1539 2635 1710 2686 non
1759 2621 1974 2704 sunt,
2026 2613 2282 2688 veluti

185 2716 615 2830 agminales-
652 2714 843 2828 equi
871 2718 1004 2788 vel
1040 2719 1307 2788 mulae
1336 2731 1440 2788 et
1459 2715 1839 2831 angariae
1863 2735 2110 2812 atque
2134 2733 2294 2791 ire—-

184 2816 397 2908 redi,
446 2837 704 2913 eaque
736 2816 974 2889 etiam
1022 2816 1413 2914 peculiari
1467 2815 2080 2890 intributionum
2130 2842 2281 2891 no·
2360 2817 2364 2822 ’

183 2918 402 2996 mine
451 2917 835 2993 veniunt·
884 2924 1280 3014 quaedam
1327 2942 1500 2990 non
1544 2919 1696 2994 nisi
1745 2917 2284 3017 municipibus

189 3040 439 3117 atque
489 3019 807 3109 incolis,
858 3041 941 3093 et
983 3025 1184 3094 haec
1231 3020 1898 3118 patrimoniorum
1947 3046 2285 3097 munera

182 3145 421 3196 sensu
485 3120 965 3196 strictissimo
1030 3121 1432 3196 dicuntur.
1530 3124 1631 3197 L.
1709 3148 1771 3195 1.
1838 3122 1909 3217 §.
1984 3148 2046 3194 ι.
2092 3126 2147 3196 Ι.
2202 3123 2274 3197 6.

181 3226 258 3339 §.
301 3233 373 3308 4·
427 3220 497 3301 5.
548 3227 601 3299 Ζ.
663 3238 778 3308 ι8.
830 3223 899 3319 §.
938 3220 1296 3300 18—25·
1347 3226 1456 3297 D.
1508 3226 1668 3298 eod.
1741 3224 2082 3316 Mixta
2132 3230 2276 3297 de-

175 3325 436 3422 nique
480 3345 665 3399 sunt
696 3349 1060 3416 munera,
1111 3342 1323 3421 quae
1351 3341 1784 3422 utrumque
1806 3307 2138 3415 habent,
2191 3348 2271 3397 et

173 3427 470 3501 laboris
511 3446 592 3499 et
641 3426 983 3528 periculi
1029 3428 1144 3499 rei
1194 3425 1602 3504 familiaris
1651 3425 2128 3518 molestiam,
2189 3448 2271 3500 et

172 3533 377 3604 haec
427 3528 751 3626 quidem
813 3528 1124 3627 saepius
1190 3528 1432 3604 etiam
1489 3529 1950 3602 muneribus
2016 3527 2271 3626 patri-

167 3630 419 3702 monii
473 3651 1051 3746 aggregantur,
1118 3629 1252 3744 N‘ita
1321 3651 1417 3702 ut
1482 3653 1532 3703 a
1596 3628 2009 3709 nonnullis
2057 3627 2268 3727 jure-

167 3730 592 3823 consultis,
668 3731 888 3809 verbi
953 3754 1198 3833 gratia
1265 3730 1625 3831 Ulpiano
1688 3751 1769 3803 et
1828 3729 2310 3833 Hermoge-

169 3831 450 3926 nian0‚
488 3856 657 3907 non
682 3832 978 3933 triplex
1005 3839 1138 3909 sed
1169 3837 1477 3934 duplex
1504 3854 1820 3908 tantum
1847 3857 2269 3911 munerum
