2740 4661
1419 229 1533 307 50

319 488 323 493 ·
421 445 605 523 bitis
635 467 1050 542 quaerere.
1151 438 1308 518 Sed
1337 451 1452 520 ad·
1492 428 1661 519 rem
1697 445 2176 546 graviorem·
2209 467 2295 523 et
2339 475 2537 525 vere

420 547 755 651 legitimi
802 546 1257 667 argumenti
1305 572 1530 622 nuno
1579 551 2227 656 transgredimur.

421 750 493 860 ς.
533 747 645 843 V.
703 751 861 838 De
918 748 1446 881 privilegiis
1494 704 2156 882 professorum
2183 762 2282 840 et
2316 777 2532 841 me-

842 859 1296 954 cneorum
1348 862 1494 950 in
1514 863 2101 990 universum
2237 906 2241 913 ·
2293 892 2296 897 ·
2347 900 2360 903 -

558 974 1171 1142 Aptissimum
1215 1071 1380 1122 esse
1435 1020 1811 1136 videtur,
1913 1064 2008 1118 ut
2077 1038 2529 1147 privilegia,

378 1144 708 1243 <quibus
759 1149 1237 1244 professores
1304 1169 1388 1223 et
1452 1146 1738 1221 medici
1786 1146 1908 1217 in
1924 1144 2100 1244 jure
2148 1148 2525 1225 Romano

414 1250 834 1339 fruuntur,
915 1249 1261 1349 primum
1332 1248 1706 1345 quidem
1738 1253 1844 1321 ad
1919 1273 2188 1320 ιιιιιιιιι.
2257 1246 2526 1323 omnia

416 1352 1026 1443 enumerentur,
1113 1352 1406 1426 deinde
1468 1373 1667 1427 vero
1728 1354 1829 1422 de
1866 1347 2210 1465 ‘Singulis
2260 1351 2524 1423 nomi-
2637 1444 2643 1453 ι

415 1451 674 1525 natim
738 1452 1193 1528 disseratur.
1298 1451 1742 1564 Quantum
1765 1449 1974 1527 mihi
2034 1450 2286 1552 igitur
2346 1477 2526 1525 cer·
2595 1523 2600 1527 .

412 1579 607 1628 nere
659 1559 933 1647 datur,
1011 1559 1213 1631 haec
1276 1553 1671 1635 beneficia
1715 1549 1906 1665 juris
1956 1551 2132 1635 iuis
2161 1552 2548 1711 personis

413 1679 787 1731 concessa
850 1674 1092 1729 sunt:
2504 1702 2516 1728 .-

622 1780 686 1829 1.
737 1757 1224 1830 Professores
1274 1775 1357 1830 et
1405 1752 1691 1829 medici
1739 1732 2128 1830 immunes
2154 1776 2365 1857 sunt,
2416 1756 2527 1830 si-

410 1884 514 1935 ve
574 1862 798 1956 quod
860 1858 1072 1930 idem
1127 1872 1294 1947 est,
1359 1868 1786 1931 munerum
1851 1846 2210 1933 civilium
2270 1882 2523 1937 vaca-
2565 1856 2602 1917 f

409 1961 710 2034 tionem
762 1963 1089 2033 habent.
1190 1960 1345 2035 Sed
1395 1959 1585 2039 inde
1635 1985 1700 2033 a
1728 1960 2224 2074 temporibus
2252 1957 2521 2037 Anto-

409 2062 587 2134 nini
628 2060 754 2133 Pii
803 2087 910 2135 ex
958 2065 1136 2162 lege
1185 2059 1421 2160 hujus
1453 2062 1974 2159 Imperatoris
2005 2061 2093 2133 in
2141 2059 2524 2160 unaqua-l·

409 2186 572 2261 que
636 2160 965 2239 civitate
1012 2184 1277 2237 certus
1323 2184 1642 2237 tantum
1685 2163 1856 2236 fuit
1889 2188 2264 2249 numerus
2305 2180 2518 2262 pro-

405 2269 812 2342 fessorum
842 2286 925 2341 et
967 2263 1498 2356 medicorum,⁴
1547 2263 1691 2362 qui
1735 2264 2318 2344 immunitatem
2362 2270 2517 2368 ha-

234 2409 245 2416 ·
304 2423 315 2458 -‚
406 2372 775 2462 herent,
801 2389 882 2441 et
955 2373 1054 2440 de
1122 2367 1241 2441 his
1300 2367 1523 2468 ipsis,
1599 2366 1744 2463 qui
1818 2367 2032 2442 intra
2079 2386 2519 2448 numerum

406 2491 675 2562 erant,
742 2469 958 2543 aliae
1018 2493 1440 2567 praeterea
1511 2474 1904 2565 quaedam
1976 2476 2269 2569 αἱρέσεις
2333 2473 2515 2571 lege
2603 2567 2608 2570 -

290 2571 299 2579 ’
405 2569 865 2671 propositae
917 2592 1126 2647 sunt.
1229 2574 1332 2642 L.
1386 2570 1459 2642 6.
1514 2571 1580 2664 §.
1637 2578 1884 2654 2-4,
1983 2572 2174 2665 Dig.
2230 2573 2328 2654 de
2373 2599 2508 2646 ex-

407 2699 563 2747 σιιε.
594 2667 966 2765 (XXVII
1005 2682 1106 2757 1.)
1161 2665 1228 2765 5.
1285 2666 1398 2746 15.
1428 2674 1619 2746 Just.
1649 2674 1743 2743 de
1771 2697 2015 2747 exem.
2045 2685 2183 2742 tut.
2207 2675 2330 2766 (Ι.
2350 2670 2507 2756 25.)

405 2773 779 2844 Libertas
829 2770 971 2845 illa
1034 2799 1090 2845 a
1146 2769 1608 2846 muneribus
1647 2772 2016 2872 publicis
2044 2773 2217 2847 aliis
2267 2769 2508 2847 etiam
2557 2871 2568 2878 γ’
2665 2869 2666 2872 ¹

406 2871 856 2968 ordinibus,
905 2871 1161 2949 veluti
1212 2870 1640 2964 veteranis,
1692 2877 1810 2951 tit.
1844 2877 1925 2949 C.
1976 2867 2111 2947 17..
2135 2880 2232 2947 de
2277 2889 2505 2951 veter.

409 2979 602 3049 VII.
654 2997 778 3051 20.
822 2979 949 3076 [εἰ.
1001 2979 1121 3046 tit.
1177 2976 1729 3069 C.Jast..x11.
1796 2984 1962 3071 47.,
2044 2975 2504 3067 altificibus,

402 3075 633 3151 verbi
676 3075 935 3178 gratia
974 3048 1516 3172 mechanicis,
1517 3078 2010 3178 geometri5‚
2035 3076 2505 3168 architectiS,

399 3138 878 3278 pictoribus,
956 3178 1502 3282 sculptoribus
1549 3201 1701 3255 etc.
1804 3181 1989 3273 (Tit.
2050 3181 2132 3260 C.
2205 3180 2340 3262 ἸῚι.
2407 3183 2503 3250 de

403 3306 648 3356 excas.
679 3279 903 3372 artis.
926 3277 1130 3355 XIII.
1165 3289 1238 3364 4.
1265 3283 1394 3356 Jd.
1426 3282 1546 3351 tit.
1580 3278 1658 3356 C.
1685 3284 1880 3356 Just.
1915 3279 2005 3356 X.
2028 3281 2153 3365 64.
2156 3283 2186 3373 )
2210 3284 2308 3355 ab
2337 3265 2502 3353 Im·-

402 3380 904 3480 peratoribus
944 3405 1345 3472 concessa
1343 3403 1510 3472 est,
1558 3404 1725 3480 quo
1764 3382 2010 3484 magis
2041 3404 2123 3455 et
2159 3381 2321 3497 ipsi
2352 3406 2515 3481 pe-

403 3483 719 3558 ritiores
789 3482 966 3557 fieri
1044 3473 1404 3594 aliosque
1480 3488 1880 3578 docendos
1960 3484 2280 3558 erudire
2353 3505 2503 3557 ou·
2562 3498 2571 3507 '

286 3653 287 3660 ,
401 3607 710 3682 perent.
815 3583 1095 3682 Quum
1134 3613 1329 3664 vero
1383 3607 1805 3680 sexcentae
1855 3585 1942 3660 in
1983 3584 2166 3684 jure
2166 3575 2506 3676 Roma-

401 3709 513 3757 no
559 3688 717 3759 sint
765 3686 1335 3766 immunitates
1350 3710 1460 3782 et
1481 3686 1797 3764 vacatio
1834 3712 2254 3782 munerum
2291 3684 2499 3778 civi-

399 3785 604 3860 lium
653 3789 938 3902 ordini
1015 3788 1259 3891 alioui
1338 3790 1643 3885 tributa
1702 3814 1888 3884 non
1951 3813 2258 3907 semper
2329 3812 2500 3877 una

2332 4183 2513 4317 k<
