2740 4661
1267 205 1468 313 ιι

273 460 395 535 let
439 472 522 531 et
548 469 941 542 exercet,
962 454 1183 529 unde
1209 442 1439 554 verbi
1468 447 1731 552 gratia
1758 449 2106 555 pictores
2132 452 2370 533 etiam

269 557 639 658 picturae
662 553 1191 651 professorum
1217 548 1513 627 nomen
1530 555 1867 630 habent
1916 557 2139 640 1,.4.
2189 559 2372 635 Οοιί.

280 657 564 733 (meod.
617 659 710 727 de
747 679 989 728 exous.
1042 656 1263 746 antif.
1321 651 1528 731 XIII.
1572 662 1650 740 4.
1762 655 2026 730 Certe
2057 663 2219 731 hoc
2263 683 2370 738 ex·

273 759 631 838 fontibus
677 752 895 851 juris
914 757 1438 831 demonstrari
1476 755 1801 854 nequit,
1861 757 2180 832 medicis
2219 761 2370 833 be.-

275 858 568 936 nefioia
626 853 817 951 jums
891 858 1053 929 sub
1113 881 1213 933 ea
1271 878 1589 931 tantum
1651 855 2110 932 conditione
2173 864 2373 933 cori-

281 987 502 1037 cessa
545 956 822 1048 fuisse,
903 977 996 1030 ut
1060 981 1314 1032 artem
1358 966 1531 1034 non
1583 963 1844 1033 solum
1906 959 2372 1035 exercerent

228 1068 416 1141 -sed
450 1050 688 1136 etiarn
736 1063 1159 1132 doce-rent.-
1240 1050 1526 1160 Ιατροὶ,
1572 1058 1689 1138 ait
1724 1061 2253 1157 Modestinus,
2301 1073 2375 1137 οἱ

281 1165 717 1264 περιοδευταὶ
754 1156 1171 1251 καλούμενοι
1187 1213 1212 1283 ‚’
1263 1194 1486 1287 vogn-sp
1548 1193 1689 1235 των
1748 1165 2012 1236 λοιπῶν
2059 1176 2371 1264 λειτουρ-

278 1270 452 1361 γιτὸν
464 1322 483 1356 ,
550 1265 800 1336 οὑτωσὶ
853 1263 936 1335 δέ
985 1269 1105 1336 καὶ
1156 1261 1299 1338 ἀπο
1330 1265 1698 1362 ἕπετροιῆς
1742 1270 1864 1337 καὶ
1917 1273 2374 1364 κουρᾱτορίας

274 1363 673 1441 ἀνάπαυσιν
716 1368 1026 1455 ἔχουσιν.
1125 1368 1227 1441 L.
1281 1363 1355 1441 6.
1406 1366 1475 1471 §.
1537 1389 1603 1441 1
1661 1366 1853 1458 Dig.
1897 1367 1992 1436 de
2034 1380 2364 1443 excusat.

280 1464 598 1546 XXVI!
676 1490 745 1542 ι
846 1463 1108 1578 Igitur
1181 1469 1282 1539 de
1324 1463 1809 1539 necessitate
1863 1465 2213 1540 docendi
2274 1465 2376 1541 iis

279 1566 648 1673 imposita
690 1563 901 1639 nihil
952 1564 1182 1660 dicit,
1258 1571 1397 1640 sed
1453 1564 1696 1640 unice
1756 1570 1857 1641 de
1904 1567 2371 1642 necessitate

276 1693 556 1748 artem
580 1665 1008 1748 exercendi
1067 1666 1121 1738 i.
1167 1693 1236 1741 e.
1290 1689 1680 1783 aegnotos
1716 1668 2055 1765 curandi
2089 1668 2375 1765 loqui-
2462 1709 2470 1716 ·

276 1794 438 1851 tur.
539 1765 999 1870 Περισδευταὶ
1076 1766 1291 1843 enim
1363 1768 1651 1851 medici
1732 1758 2152 1873 dicuntur,
2228 1769 2376 1868 qui
2465 1864 2472 1871 ³

277 1874 780 1949 circumeunt
810 1872 1102 1944 urbem
1148 1868 1505 1945 sanitatis
1523 1862 1997 1947 hominibus
2025 1875 2374 1961 redden-

276 1981 430 2057 dae
480 1999 757 2089 causa,
798 1971 1087 2086 quibus
1131 1969 1583 2053 immunitas
1610 1977 1884 2065 datus,
1930 1998 2102 2050 non
2130 1972 2371 2054 etiam

279 2077 411 2175 iis,
490 2074 635 2176 qui
697 2071 1120 2149 domestico
1185 2095 1266 2149 et
1326 2072 1733 2148 umbratili
1795 2073 2088 2151 studio
2123 2064 2386 2149 dediti

274 2199 488 2263 sunt.
587 2176 740 2252 Sed
793 2180 967 2253 hac
1040 2178 1142 2259 de
1202 2198 1294 2260 re
1368 2173 1585 2254 infra
1664 2179 1985 2255 demum
2051 2175 2372 2276 plenius

271 2280 679 2387 agendum
727 2277 899 2352 erit.

356 2390 362 2396 ’
476 2382 529 2466 J
530 2407 657 2458 am
741 2379 831 2453 in
913 2377 1398 2455 universum
1454 2383 2152 2456 commemoratum
2231 2398 2375 2473 cst,¹

276 2482 517 2559 dictis
559 2480 966 2568 ordinibus
1018 2479 1243 2557 varia
1300 2478 1724 2595 privilegia
1739 2535 1762 2574 ,
1841 2479 2153 2560 tametsi
2199 2505 2374 2555 non

276 2586 435 2661 nisi
483 2588 627 2663 sub
679 2583 1152 2682 quibusdam
1201 2582 1791 2663 conditionibus
1839 2581 1928 2661 ιιι
1978 2579 2153 2680 jure
2198 2583 2404 2655 Rom

274 2714 520 2763 mano
567 2710 930 2761 concessa
992 2685 1252 2760 fuisse.
1354 2684 1513 2764 Sed
1571 2710 1744 2765 ιιοιι
1806 2688 2062 2772 solum
2119 2682 2376 2786 magi-

274 2790 452 2866 stris
500 2788 943 2864 litterarum
982 2797 1075 2862 et
1119 2785 1476 2880 mediciS,
1523 2792 1657 2862 sed
1708 2785 1882 2865 aliis
1914 2785 2145 2860 etiam
2184 2791 2416 2885 per-⁴

275 2890 488 2967 sonis
535 2894 672 2968 vel
718 2887 1124 2968 ordini-bus
1185 2888 1402 2970 talia
1441 2890 2002 2987 competebant
2066 2885 2374 2967 benefi-

275 2993 403 3068 cia
446 2991 675 3093 juri5‚
748 2991 863 3069 ita
909 2990 1233 3088 quidem
1282 3012 1372 3063 ut
1422 2989 1875 3067 doctoribus
1924 3011 2007 3062 et
2051 2987 2374 3065 medicis

276 3095 441 3170 alia
508 3119 692 3167 cum
754 3086 926 3165 aliis
1002 3089 1454 3172 communia
1531 3093 1824 3183 essent‘,
1897 3089 2372 3171 nominatim

280 3222 464 3270 cum
514 3195 604 3270 iis
672 3193 1080 3270 ordinibus
1099 3247 1122 3287 ,
1199 3216 1544 3308 quorum
1593 3213 1799 3268 artes
1848 3188 2397 3267 necessitudi-·

276 3323 468 3377 nem
515 3300 926 3395 quandam
974 3321 1156 3373 cum
1180 3294 1481 3373 artibus
1520 3296 2048 3386 professorum
2084 3313 2164 3367 et
2201 3316 2370 3372 me-

279 3396 675 3473 dicorum
703 3401 1130 3475 habebant.
1238 3397 1362 3489 Cf.
1438 3398 1586 3471 titt.
1667 3397 1846 3473 cod.
1932 3396 2201 3467 Theod.
2274 3394 2371 3474 de

278 3514 607 3576 excusat.
671 3500 888 3597 artzf.
961 3501 1200 3574 XIII·
1265 3506 1340 3581 4.
1406 3501 1501 3571 de
1563 3497 1935 3574 veteranis
1992 3497 2076 3569 V
2065 3496 2179 3566 II
2242 3515 2367 3569 20.

288 3603 463 3678 cod.
510 3603 702 3677 Just.
755 3605 849 3675 de
914 3615 1139 3677 veter.
1202 3602 1397 3675 XII
1445 3606 1573 3696 47.
1634 3614 1708 3671 et
1769 3600 1875 3672 al.
1973 3573 2160 3670 Non
2215 3599 2368 3672 de-

282 3700 517 3777 fuisse
566 3725 835 3779 autem
883 3701 1291 3794 videntur,
1362 3699 1508 3800 qui
1575 3698 1722 3777 sibi
1780 3722 1949 3771 uno
2012 3687 2369 3781 alterove

280 3803 702 3914 privilegio
714 3860 741 3911 ,
789 3829 955 3914 quo
1002 3806 1497 3912 professores
1528 3824 1609 3883 et
1656 3798 1944 3884 medici
1988 3801 2373 3908 fmebawz
