2740 4661
1095 202 1105 231 Ι

1239 270 1351 347 ‘19
1391 269 1397 273 ¹

250 492 560 564 Romae
623 483 859 559 fuisse
929 492 1193 562 tradat
1256 493 1310 562 l.
1373 493 1426 563 l.
1485 515 1549 564 c.
1599 491 1710 564 5·
1690 548 1710 582 ,
1805 490 2065 605 pretia
2139 516 2335 570 vero

246 591 946 701 grammaticorum
1005 595 1563 704 mercedesque
1622 591 2016 671 maximae
2075 593 2335 671 factae

209 700 463 769 'sunt.
567 690 763 761 Mox
835 714 929 786 ιιι
987 691 1441 789 provincias
1518 691 1754 765 etiam
1810 694 2336 772 occidentales

250 791 764 908 grammatica
810 792 1302 888 penetravit,
1367 818 1487 869 ac
1512 794 1889 877 nonnulli
1938 800 2038 870 de
2085 799 2336 873 notis·-

251 921 458 970 snms
525 893 976 966 doctoribus
1046 918 1376 995 peregre
1429 901 1920 990 docuerunt,
1992 899 2339 979 maxime

247 997 339 1070 in
388 995 657 1071 Gallia
709 992 1073 1108 Togata,
1133 997 1575 1095 sensimque
1625 996 1713 1068 in
1764 1000 2124 1074 omnibus
2170 1003 2338 1074 fere
2428 993 2432 997 ’

250 1096 717 1173 civitatibus
756 1096 1067 1194 lmperii
1114 1099 1459 1172 Romani
1509 1104 1821 1185 scholae
1887 1104 2339 1216 grammati-

222 1223 529 1303 corum
578 1219 800 1272 ortae
849 1219 1071 1292 sunt,
1121 1199 1410 1297 quibus
1460 1205 1832 1294 juventus
1890 1200 2163 1278 litteris
2189 1204 2341 1277 im·
2453 1244 2456 1253 ι

246 1306 662 1384 bueretur.

431 1400 614 1475 Arti
663 1401 1260 1494 rhetoricae,
1308 1425 1404 1476 ut
1425 1390 1584 1499 jam
1607 1409 1710 1479 ad
1736 1409 1948 1478 hanc
1978 1425 2345 1480 transea-

247 1527 459 1595 ιιιιιε,
536 1527 832 1576 nomen
879 1504 1129 1578 virtus
1181 1498 1612 1600 eloquendi
1680 1508 1920 1577 dedit.
2025 1506 2337 1592 Quintil.

251 1608 311 1676 l
362 1607 413 1678 l.
514 1604 623 1695 Et
684 1610 885 1680 haec
945 1608 1162 1703 apud
1226 1606 1644 1679 Romanos
1691 1604 2027 1722 perinde
2089 1626 2338 1704 atque

248 1705 759 1822 grammatica
809 1731 982 1778 sero
1031 1727 1355 1805 recepta
1403 1728 1554 1800 est,
1601 1711 1883 1805 paullo
1909 1707 2148 1801 etiam
2182 1708 2338 1781 dif-

212 1806 591 1901 Acilius,
620 1808 924 1906 quippe
961 1828 1172 1904 quae
1219 1823 1806 1908 nonnunquam
1854 1809 2093 1884 etiam
2140 1835 2339 1910 pro-

247 1909 504 1985 hibita
577 1909 842 1984 fuerit.
958 1913 1159 1981 Suet.
1226 1914 1320 1981 de
1384 1914 1619 1983 claris
1678 1913 2096 1983 rhetoribus
2166 1937 2338 2026 cap.

255 2036 321 2085 ι.
362 2038 482 2109 sq·
573 2011 867 2086 Exstat
914 2031 1143 2084 vetus
1202 2012 1989 2085 senatusconsultum
2023 2009 2218 2085 anni
2267 2039 2338 2087 a.

245 2137 330 2185 ιι.
381 2137 450 2195 c.
506 2114 868 2187 Dxcns
895 2118 993 2185 de
1055 2114 1554 2226 removendis
1618 2138 1723 2185 ex
1783 2114 2006 2185 Urbe
2065 2117 2339 2185 rheto-

242 2214 498 2310 ribus3
550 2216 738 2287 item
788 2212 1232 2287 censorium
1283 2214 1628 2287 edictum
1680 2211 1877 2286 anni
1922 2213 2344 2307 DCLXII.,

245 2340 414 2414 quo
468 2315 889 2416 improbati
942 2336 1023 2389 et
1071 2314 1393 2389 coerciti
1443 2335 1663 2405 sunt,
1714 2312 1856 2410 qui
1884 2318 2336 2388 ludos-rhe—

245 2419 539 2492 toricos
587 2420 895 2490 Romae
943 2427 1439 2514 aperuerant.
1543 2417 1871 2488 Praeter
1920 2418 2124 2487 Suet
2176 2418 2230 2486 l.
2286 2420 2338 2490 l.

252 2522 445 2593 Gell.
499 2523 710 2595 Noct
757 2518 925 2594 Att
975 2522 1156 2598 XV.
1206 2544 1318 2594 ιι.
1418 2517 1926 2618 Quamquam
1960 2542 2155 2593 vero
2187 2518 2341 2591 hoc

247 2621 522 2735 ipsum
560 2620 905 2694 edictum
954 2644 1155 2692 ιιοιι
1173 2625 1274 2693 de
1307 2618 1629 2693 Graecis
1682 2623 1817 2693 sed
1866 2617 2190 2735 proprie
2240 2624 2342 2694 de

246 2720 562 2796 Latinis
611 2720 1095 2813 rhetoribuS,
1145 2721 1289 2818 qui
1337 2746 1642 2797 novum
1688 2745 1939 2822 genus
1990 2720 2342 2821 discipli-

244 2848 402 2898 nae
455 2819 869 2897 instituere
933 2844 1400 2922 coeperant,
1475 2824 1775 2897 factum
1828 2843 2034 2916 erat,
2102 2827 2341 2920 paul·-

249 2925 478 3004 latim
526 2946 808 3040 tamen·
858 2945 940 2999 et
1002 2923 1175 3023 ipsa
1237 2922 1637 3000 rhetorica
1698 2922 1915 2997 utilis
1964 2930 2342 2997 honesta·

246 3050 409 3125 que
471 3023 917 3145 apparuit,
967 3025 1366 3122 multique
1426 3051 1601 3100 eam
1662 3023 2034 3116 praesidii
2100 3049 2341 3100 causa

247 3151 330 3202 et
376 3127 678 3243 gloriae
740 3119 1365 3244 appetiverunt3·
1430 3151 1617 3201 nec
1645 3125 1992 3201 dubitari
2051 3113 2341 3228 potest,

251 3230 457 3326 quin
507 3228 998 3307 incrementa
1050 3227 1278 3329 hujus
1328 3226 1542 3316 artis,
1588 3227 1735 3303 etsi
1785 3235 1934 3344 per
1982 3249 2340 3304 senatus-

246 3335 697 3410 consultum
761 3353 842 3405 et
907 3329 1257 3406 edictum
1320 3328 1763 3420 censorium
1828 3329 2343 3443 improbatae,
2395 3416 2404 3424 ·

246 3430 562 3507 Latinis
607 3431 1097 3534 potissimum
1147 3430 1460 3528 dicendi
1512 3413 2158 3532 praeceptoribus
2198 3432 2341 3500 de·—

247 3535 609 3609 beantur.
728 3538 1002 3609 Mauso
1062 3537 1114 3610 l.
1181 3537 1233 3609 l.
1294 3536 1376 3632 p'.
1444 3533 1568 3610 68
1697 3536 2022 3609 Primus
2064 3530 2340 3606 ecffim

248 3633 558 3711 Romae
605 3635 762 3713 fuit
786 3634 1125 3712 Lucius
1157 3634 1460 3709 Plotius
1513 3635 1830 3725 Gallus,
1895 3655 2153 3730 puero
2204 3630 2339 3705 Ci-

248 3747 581 3853 cet-one,
650 3738 797 3836 qui
865 3741 1186 3813 dolebat
1249 3742 1466 3837 apud
1532 3762 1714 3812 eum
1780 3733 2132 3811 exerceri
2195 3731 2340 3809 sibi
2399 3821 2410 3838 Ι

252 3860 420 3913 non
465 3839 750 3936 licere;
825 3839 1387 3917 continebatur
1452 3840 1661 3913 enim
1727 3835 2352 3910 doctissimorum

1827 3940 1930 4012 2*
