2740 4661
1162 256 1441 385 ,ὅθ’
1777 226 1782 233 ‘
2255 323 2383 376 .=

268 501 413 557 aut
463 477 654 552 licet
715 500 885 552 ιιοιι
953 477 1119 553 sint
1169 477 1459 553 medici
1520 472 1673 553 nisi
1737 475 2067 580 alicujus
2115 486 2364 583 partis
2458 568 2462 579 ,

264 580 632 689 corporis
654 585 790 655 vel
825 582 1017 654 certi
1050 581 1378 671 doloris,
1412 604 1506 656 ut
1532 579 2065 671 auriculariis,
2101 589 2360 660 obste-
2443 596 2444 599 ’

265 682 629 759 tricib'us
649 704 887 757 extra
930 684 1289 757 ordinem
1335 682 1457 782 jus
1507 682 1824 761 dicitur.
1925 688 2027 760 L
2078 711 2139 761 ι.
2192 687 2261 781 §.
2291 711 2364 763 2.

266 788 343 862 ὅ.
376 785 552 887 6ι9·
578 787 686 865 D·
698 784 917 859 meod
972 785 1125 859 Sed
1171 785 1453 897 quaeri
1502 790 1767 859 adhuc
1816 803 2116 884 potest,
2165 789 2362 883 quid

268 886 483 960 inter
550 886 1217 969 extraordinarias
1292 886 1823 988 cognitiones,
1905 893 2006 963 de
2074 890 2364 985 quibus

144 1078 151 1081 ‚
266 1009 393 1062 tot
416 984 932 1102 Digestorum
962 991 1426 1102 fragmenta
1476 993 1925 1085 loquuntur
1975 1010 2057 1063 et
2104 1011 2371 1066 cetera

265 1088 569 1189 judicia
607 1089 1040 1171 justiniani
1086 1112 1349 1167 aetate
1395 1089 1870 1183 interfuerit,
1918 1114 2178 1188 quum
2198 1090 2368 1191 ipse

268 1190 767 1275 justinianus
820 1193 1074 1285 dicat,
1152 1192 1423 1267 omnia
1467 1189 1765 1290 judicia
1813 1217 1956 1268 suo
2007 1214 2369 1292 tempore

270 1293 390 1369 ita
438 1316 629 1369 esse
624 1296 1126 1395 composita,
1200 1292 1317 1368 ut
1334 1314 1591 1367 extra
1654 1293 2013 1367 ordinem
2073 1293 2194 1392 jus
2241 1296 2368 1368 di-

274 1417 531 1472 catur.
631 1396 702 1491 §0
750 1401 826 1473 8.
875 1400 945 1474 J.
1015 1400 1109 1468 cle
1170 1397 1587 1468 interdictis
1649 1399 1796 1473 IV.
1859 1391 1975 1473 15.
2025 1398 2371 1495 Savigny

276 1502 333 1574 Ζ.
383 1500 435 1575 Ζ.
474 1525 581 1595 p.
574 1496 737 1593 76.
788 1524 898 1595 sq.
996 1496 1438 1580 Heffterus
1455 1496 1559 1573 V.
1622 1497 1889 1571 Celeb.
1932 1515 2204 1610 putat,
2278 1498 2367 1569 in

273 1599 527 1672 causis
619 1597 1349 1672 extraordinariae
1387 1597 1865 1699 cognitionis
1935 1598 2373 1681 justiniani

273 1723 611 1815 quoque
652 1722 908 1776 aetate
939 1700 1382 1806 breviorem
1415 1703 1651 1774 fuisse
1686 1700 2170 1799 procedendi
2195 1726 2372 1774 mo-

274 1806 506 1895 dum,
554 1801 721 1877 sive
760 1823 856 1876 ut
897 1796 1284 1877 nostrates
1322 1798 1643 1900 dicunt,
1692 1827 2145 1902 processum
2171 1803 2371 1877 fuis-

274 1928 358 1979 se
407 1904 961 2019 summarium,
1032 1894 1365 1979 fortasse
1415 1904 1652 1979 etiam
1704 1909 1803 1977 de
1853 1903 2067 1979 hisce
2116 1904 2372 1979 causis

274 2026 450 2079 non
496 2005 653 2079 nisi
702 2004 934 2083 certis
983 2005 1259 2080 diebus
1308 2004 1556 2099 („dies
1606 2005 2202 2107 cognitionum“
2225 2006 2371 2100 ait)

276 2105 689 2207 cognitum
739 2133 927 2183 esse.
1029 2110 1550 2180 Imtitutionen
1589 2113 1719 2179 des
1758 2110 2174 2183 νὸηιίεοῖιεη
2211 2111 2371 2181 und

271 2211 658 2281 teutschen
689 2204 1281 2324 Civilprocesses.
1383 2210 1465 2280 S·
1489 2212 1668 2292 408.
1683 2215 1870 2307 409.
1969 2208 2370 2303 Equidem

273 2335 449 2386 non
498 2312 756 2384 habeo
808 2309 1003 2385 certi
1053 2307 1398 2406 aliquid,
1447 2313 1668 2409 quod
1716 2308 2155 2387 sententiae
2190 2306 2373 2387 Viri

274 2405 820 2506 eruditissimi,
869 2435 1111 2528 quam
1164 2411 1337 2511 ipsa
1382 2432 1672 2487 natura
1720 2410 1836 2486 rei
1861 2411 2370 2510 aliquatenus
2479 2435 2486 2442 ·

275 2518 559 2609 juvare
582 2515 927 2602 videtur,
965 2513 1366 2628 objiciam;
1415 2512 2099 2590 verumenimvero
2123 2538 2373 2611 quum

278 2636 534 2690 totam
604 2642 772 2689 rem
847 2613 1318 2713 conjecturis
1397 2622 1651 2691 solum
1725 2614 2038 2712 assequi
2105 2617 2367 2730 liceat,

256 2717 618 2798 ἱοιείιειιι
682 2743 777 2791 ea
835 2739 1165 2831 quoque
1240 2718 1639 2793 sententia
1712 2717 2035 2792 defendi
2103 2717 2374 2817 possit,

278 2818 493 2893 inter
544 2818 1219 2897 extraordinarias
1254 2820 1747 2935 cognitiones
1785 2841 2212 2917 ceteraque
2235 2818 2370 2934 ju·-

283 2919 494 2996 dicia
517 2920 948 3003 ,Iustiniani
1000 2943 1262 2995 aetate
1313 2948 1647 2996 ommno
1671 2925 1985 2995 nullum
2035 2922 2371 3020 amplius

282 3022 524 3098 fuisse
576 3023 1029 3115 discrimen,
1080 3023 1633 3137 compilatores
1683 3045 1950 3099 autem
1998 3022 2372 3124 Digesto·-

278 3149 461 3198 rum
509 3124 966 3239 fragmentis
1027 3124 1219 3217 illis,
1295 3127 1587 3230 quibus
1653 3129 1749 3200 de
1811 3125 2370 3199 extraordina-

182 3299 189 3304 ,
281 3225 417 3299 riis
448 3225 1053 3330 cognitionibus
1104 3226 1406 3343 agitur,
1476 3252 1645 3330 non
1692 3228 1874 3301 ideo
1921 3226 2008 3301 in
2055 3228 2370 3301 Pande-

283 3326 429 3401 ctis
481 3331 747 3401 locum
797 3327 1142 3422 dedisse,
1218 3330 1412 3425 quia
1475 3323 1562 3402 in
1610 3328 1821 3404 hisce
1871 3326 2122 3402 causis
2172 3325 2372 3401 alius

285 3451 368 3503 et
418 3429 742 3525 quidem
791 3428 1113 3505 brevior
1162 3449 1404 3525 quam
1453 3430 1543 3503 in
1592 3431 1864 3506 ceteris
1892 3428 2143 3504 causis
2175 3455 2373 3528 pro-

283 3531 625 3605 cedendi
670 3536 950 3607 modus
998 3531 1433 3614 justiniani
1494 3533 1735 3608 etiam
1796 3552 2058 3606 aetate
2108 3539 2378 3605 obser-

286 3654 519 3706 vatus
557 3631 836 3726 fuerit,
887 3639 1023 3710 sed
1071 3636 1312 3734 longe
1360 3634 1760 3750 diversum
1810 3634 2052 3706 finem
2102 3659 2198 3706 eo
2247 3660 2374 3707 as-

286 3758 367 3806 se
370 3731 510 3829 qui
570 3734 935 3810 voluisse.
1087 3734 1309 3831 Quid
1381 3736 1596 3813 enim
1670 3736 1730 3809 si
1809 3733 1987 3832 quis
2053 3734 2373 3827 dixerit,

288 3833 833 3935 compilatores
882 3862 976 3911 eo
1028 3837 1359 3919 consilio
1375 3893 1399 3937 ‚
1448 3860 1542 3916 ut
1590 3837 1939 3943 singulas
1987 3835 2176 3938 juris
2205 3839 2378 3911 Ro-
