2740 4661
1244 198 1253 203 Ἄ
1359 262 1473 337 58

362 476 779 552 mittenda
794 460 1049 553 era-nt.
1147 472 1366 550 Sed
1344 503 1558 574 ipsae
1572 416 1994 560 mercedes
2025 446 2466 580 privilegiis

359 604 631 673 eorum
681 554 1192 657 adnumerari
1238 601 1412 653 non
1461 600 1817 693 possunt,
1865 602 2133 677 neque
2182 606 2458 678 perso-

367 680 490 753 nis
542 681 695 762 illis
742 677 1166 779 privilegio
1219 686 1572 776 quodam
1617 680 2021 799 singulari
2051 706 2242 776 opus
2277 682 2459 774 fuit,

363 801 529 875 quo
570 779 696 873 jus
759 781 1404 879 accipiendarum
1454 789 1950 871 mercedum
1973 808 2063 857 us
2129 808 2456 880 compe·-

315 878 319 885 ’
352 904 589 961 teret.
692 882 949 984 Igitur
996 887 1102 956 ad
1148 907 1319 957 rem
1363 907 1719 963 nostram
1787 889 1939 959 hoc
1985 883 2226 958 unice
2278 909 2461 981 spe·
2533 946 2550 951 -

357 1005 549 1076 ctat,
585 990 685 1058 de
733 983 1226 1059 mercedibus
1256 989 1809 1100 professorum
1859 1007 1941 1061 et
1965 974 2496 1059 medicorum'

356 1109 586 1160 extra
635 1085 996 1165 ordinem
1056 1091 1212 1179 jus
1238 1087 1416 1161 dici.
1514 1091 1617 1161 L.
1684 1115 1745 1162 1.
1782 1116 1913 1186 pr
1963 1087 2030 1183 §.
2091 1113 2152 1163 1.
2201 1089 2309 1163 D.
2342 1092 2459 1159 de

355 1191 733 1263 extraord.
801 1212 1045 1283 cogn.
1064 1188 1269 1263 Sed
1332 1208 1411 1262 et
1467 1195 1860 1267 adversus
1915 1213 2102 1262 eos
2133 1190 2455 1300 Praeses

348 1313 834 1388 cognoscere
886 1293 1162 1382 debet,
1208 1295 1261 1365 l.
1322 1316 1386 1367 1.
1440 1292 1508 1387 §
1558 1317 1632 1390 9.
1662 1296 1861 1384 eod,
1891 1291 2139 1366 velut
2176 1289 2240 1365 si
2265 1295 2457 1362 rhe-

351 1411 479 1463 tor
528 1412 671 1464 aut
721 1392 1299 1507 grammaticus
1327 1406 1511 1471 cuin
1561 1392 1962 1490 discipulis
2014 1397 2115 1464 de
2148 1416 2476 1465 merce-¹
2535 1438 2539 1442 Δ

272 1494 279 1499 ”
359 1491 587 1567 dibus
613 1515 894 1591 pactus
936 1493 1105 1589 sit,
1121 1516 1403 1593 postea
1452 1519 1644 1571 vero
1693 1516 1836 1567 aut
1884 1497 2236 1566 scholam
2285 1512 2453 1567 non

296 1595 793 1693 *apex-uerit,
867 1608 1010 1668 aut
1077 1599 1342 1671 schola
1403 1618 1685 1694 aperta
1733 1596 2243 1711 negligenter
2281 1618 2455 1667 rem

353 1694 697 1808 gesserit.
796 1694 1140 1795 Excepti
1201 1708 1391 1773 sunt
1449 1696 1909 1797 philosophi
1972 1718 2054 1769 et
2095 1695 2286 1794 juris
2338 1719 2467 1768 cie-1

351 1796 532 1873 vilis
574 1798 1097 1894 professore5‚
1177 1797 1468 1894 quibus
1519 1822 2007 1895 quamquam
2054 1802 2458 1871 mercedes

357 1897 743 1996 accipere
773 1919 1143 2013 poss-unt3
1202 1920 1496 1979 tamen
1546 1906 1646 1975 de
1711 1901 1802 1975 iis
1864 1897 1985 1998 jus
2034 1923 2236 1971 ιιοιι
2252 1897 2453 1974 dici-

250 2034 264 2047 ·
350 2019 508 2074 tur.
659 2000 796 2073 An
859 2022 940 2073 et
1003 2000 1504 2115 philosophi
1528 2003 2057 2101 professorum
2087 2025 2451 2076 nnumero
2558 2085 2569 2092 ⁸

353 2100 547 2209 sint,
624 2104 937 2200 quaerit
998 2102 1404 2201 Ulpianus
1467 2106 1520 2176 l.
1595 2130 1660 2176 ι.
1701 2105 1786 2201 §.
1829 2112 1899 2188 [4.
1951 2107 2151 2193 20va
2227 2107 2451 2203 quod

350 2228 523 2280 non
573 2203 688 2278 ita
731 2203 1344 2319 intelligendum
1390 2226 1542 2297 est,
1618 2204 1848 2303 quasi
1909 2203 2232 2276 omnino
2293 2209 2448 2275 du·-

350 2305 573 2379 bium
622 2306 763 2398 sit,
825 2306 1287 2408 philosophi
1361 2308 1839 2408 professores
1912 2304 2072 2385 sint
2138 2303 2445 2381 necne?

348 2401 488 2484 sed
540 2415 695 2484 hoc
745 2415 999 2483 solum
1048 2409 1498 2509 quaeritur,
1547 2437 1659 2486 an
1699 2432 1781 2486 et
1815 2396 2274 2523 philosophi
2310 2433 2451 2482 eo-

351 2536 531 2589 rum
594 2512 753 2586 sint
818 2537 1155 2588 numero
1220 2515 1791 2610 professorum,
1866 2510 2162 2611 quibus
2217 2531 2454 2598 extra

358 2611 717 2686 ordinem
791 2608 911 2709 jus
989 2614 1390 2710 dicatur?
1457 2616 1628 2709 „Et
1691 2640 1859 2691 non
1931 2634 2250 2713 putem,
2321 2617 2498 2685 re-'

351 2719 694 2810 spondet
759 2713 1199 2811 Ulpianus3
1275 2742 1507 2808 „non
1578 2717 1773 2814 quia
1844 2742 2016 2789 non
2088 2713 2450 2815 religiosa

353 2840 480 2887 res
543 2836 694 2889 estz
777 2821 914 2891 sed
979 2815 1185 2913 quia
1248 2823 1405 2892 hoc
1463 2817 1809 2918 primum
1865 2816 2243 2916 profiteri
2314 2840 2449 2890 eos

354 2937 711 3018 oportet,
772 2915 1332 2998 mercenariam
1382 2946 1705 3020 operam
1750 2945 2143 3031 spernere.
2247 2919 2445 2991 Pro·

351 3018 544 3095 inde
594 3043 699 3094 ne
747 3017 981 3118 juris
1002 3020 1327 3119 quidem
1370 3021 1646 3098 civilis
1708 3020 2317 3137 professoribus
2315 3016 2442 3117 jus

354 3115 661 3196 dicent.
737 3143 853 3195 est
918 3128 1242 3219 quidem
1300 3150 1424 3204 res
1485 3124 1982 3238 sanctissima
2019 3117 2268 3200 civilis
2316 3146 2443 3194 sa·

264 3245 269 3248 ’
351 3221 699 3322 pientia:
779 3228 915 3297 sed
986 3248 1197 3321 quae
1252 3225 1521 3327 pretio
1595 3224 2040 3301 nummario
2111 3248 2280 3298 non
2346 3220 2447 3299 sit

354 3323 869 3424 aestimanda,
916 3349 1067 3426 nec
1117 3332 1749 3421 dehonestanda,
1797 3332 1987 3402 dum
2023 3307 2445 3439 injudicio

251 3472 257 3480 -
354 3431 617 3501 honor
665 3434 1001 3527 petitur,
1067 3429 1212 3525 qui
1260 3430 1349 3504 in
1398 3428 1754 3531 ingressu
1804 3426 2274 3504 sacramenti
2324 3426 2445 3500 ef·-

353 3528 544 3602 ferri
593 3528 905 3624 debuit3
980 3537 1410 3624 quaedam
1427 3558 1677 3626 enlm,
1751 3530 2064 3606 tametsi
2111 3535 2445 3612 honeste
2515 3571 2522 3578 ·

350 3628 875 3730 accipiantur,
924 3629 1342 3707 inhoneste
1368 3656 1638 3710 tamen
1664 3654 2076 3749 petuntur·
2080 3636 2128 3675 “
2226 3631 2444 3704 Con-

350 3752 480 3803 tra
528 3756 722 3806 vero
787 3731 959 3808 aliis
1021 3732 1497 3832 quibusdam
1552 3734 1950 3850 personis3
2021 3734 2210 3808 licet
2270 3754 2444 3804 non

350 3829 511 3908 sint
536 3857 636 3936 pr
640 3835 1048 3940 messores,
1098 3837 1352 3914 veluti
1401 3837 1572 3914 ludi
1622 3835 1987 3913 litterarii
2034 3831 2448 3940 magistris,
