2740 4661
1350 232 1651 355 18—-

439 453 729 529 storiae
755 435 1168 551 Augustae
1195 470 1450 545 quum
1480 466 1906 538 enarrant,
1948 444 2277 543 quinam
2309 469 2557 556 prae-

438 574 799 668 ceptores
823 553 1392 667 Imperatorem
1420 547 1818 647 aliquem
1797 573 1884 619 ιιι
1922 546 2375 621 liberalibus
2424 544 2557 617 di·-

442 655 792 757 sciplinis
842 650 1372 743 instituerint,
1404 671 1996 749 saepenumero
2045 652 2226 721 loco
2278 671 2548 748 gram-—

436 758 911 832 maticorum
961 754 1437 826 litteratores
1473 772 1846 850 ponunt..
1916 749 2546 845 Aet.Lamp1-id.

442 860 816 931 Commod
842 881 1013 951 cap.
1037 880 1103 932 1.
1132 857 1288 926 Jul.
1323 855 1639 963 Capitol.
1675 853 2073 925 Maximin.
2098 852 2542 945 Jun.cap.1.

437 959 592 1033 Sed
641 956 1194 1075 grammatica,
1273 975 1366 1027 ut
1429 940 1853 1027 Suetonius
1917 951 2029 1023 ait
2099 955 2192 1021 de
2258 953 2540 1023 illustr.

426 1060 962 1156 grammaticis
1012 1082 1179 1152 cap.
1214 1080 1299 1132 ι
1352 1081 1461 1151 sq
1443 1108 1499 1147 ,
1550 1056 1737 1127 olim
1760 1054 2070 1126 Romae
2107 1076 2211 1124 ne
2262 1052 2349 1122 in
2387 1073 2543 1137 usu

436 1159 804 1257 quidem,
852 1162 1153 1229 nedum
1201 1154 1284 1228 in
1319 1151 1648 1237 honore
1699 1159 1869 1227 ullo
1919 1155 2110 1244 fuit,
2162 1150 2345 1225 rudi
2383 1150 2539 1223 sci·-

433 1264 626 1335 licet
688 1284 783 1333 ac
833 1259 1209 1332 bellicosa
1259 1257 1596 1333 civitate
1656 1260 2002 1329 necdum
2050 1276 2538 1367 magnopere
2643 1344 2650 1347 ‚

431 1361 895 1443 liberalibus
964 1358 1399 1458 disciplinis
1437 1379 1828 1434 vacante.
1960 1351 2540 1451 Antiquissimi

437 1468 899 1579 doctorum,
951 1460 1092 1556 qui
1145 1462 1389 1533 iidem
1439 1481 1521 1533 et
1562 1468 1848 1557 poe‘tae
1898 1479 1979 1534 et
2028 1478 2377 1553 oratores
2413 1481 2537 1527 se·-

430 1562 810 1664 migraeci
858 1581 1126 1653 erant,
1173 1561 1385 1633 nihil
1424 1561 1763 1657 amplius
1794 1584 2036 1656 quam
2063 1557 2427 1633 Graece
2407 1581 2539 1628 ιιι-

428 1662 1120 1775 tex-pretabantur3
1196 1683 1293 1733 ac
1358 1658 1423 1732 si
1486 1660 1684 1761 quid
1733 1660 2031 1734 Latine
2097 1660 2247 1759 ipsi
2306 1683 2532 1747 com-

428 1760 911 1875 posuissent,
960 1762 1422 1860 praelegere
1463 1765 1880 1847 solebant.
1943 1762 2311 1835 Studium
2340 1760 2534 1834 vero

429 1861 990 1966 grammaticae
1056 1861 1360 1960 primus
1425 1862 1513 1934 in
1562 1864 1867 1936 Urbem
1927 1862 2204 1937 intulit
2256 1863 2530 1936 Crates

428 1967 833 2056 MalloteS,
888 1961 1351 2036 Aristarchi
1415 1965 1809 2061 aequaliS,
1895 1965 2039 2063 qui
2105 1963 2374 2038 missus
2422 1966 2530 2035 ad

428 2088 795 2142 senatum
869 2067 962 2137 ab
1013 2062 1297 2138 Attalo
1357 2091 1581 2179 rege,
1658 2064 1870 2141 inter
1937 2070 2373 2159 secundum
2434 2090 2531 2137 ac

425 2167 760 2279 gertium
834 2169 1135 2240 bellum
1211 2165 1649 2259 Punicum,
1741 2173 1885 2241 sub
1957 2168 2206 2267 ipsam
2277 2164 2558 2241 Ennii,

425 2290 800 2362 mortem,
852 2291 1105 2366 quum
1156 2266 1242 2341 in
1295 2269 1622 2371 regione
1650 2269 1937 2345 Palatii
1976 2273 2390 2371 prolapsus
2441 2268 2556 2342 in.

425 2379 751 2448 cloacae
796 2371 1192 2463 foramen,
1258 2396 1438 2446 crus
1489 2372 1876 2486 fregisset,
1926 2397 2072 2472 per
2121 2397 2354 2446 omne
2403 2374 2523 2444 le-

426 2471 771 2597 gationis
823 2472 1058 2546 simul
1109 2488 1225 2544 e't
1240 2474 1720 2548 valetudinis
1769 2496 2078 2573 tempus
2145 2472 2522 2572 plurimas

423 2570 790 2686 ἀκροάσεις
830 2572 1164 2646 subinde
1214 2573 1444 2663 fecit,
1495 2575 1965 2673 assidueque
2017 2575 2378 2650 disseruit
2426 2597 2523 2646 ac

298 2667 317 2681 ³
421 2673 811 2749 Romanis
889 2677 1262 2771 exemplo
1335 2676 1492 2748 fuit
1564 2682 1668 2749 ad
1752 2676 2247 2753 imitandum.
2345 2673 2523 2749 Pri-

422 2799 644 2850 mum
694 2795 965 2850 autem
1016 2779 1403 2849 hactenus
1451 2798 1770 2852 tantum
1818 2778 2103 2853 imitati
2153 2800 2390 2868 sunt,
2422 2796 2520 2849 ut

424 2875 779 2953 carmina
840 2875 1125 2991 parum
1193 2883 1460 2952 adhuc
1543 2879 1960 2983 divulgata
2030 2883 2164 2956 vel
2228 2882 2522 2952 defun·
2571 2957 2578 2962 ⁸

423 3000 736 3052 ctorum
784 2976 1216 3056 amicorum
1268 2984 1403 3054 vel
1454 2981 1516 3055 si
1567 3006 1909 3079 quorum
1942 2981 2279 3056 aliorum
2326 3006 2520 3080 pro-

420 3084 777 3172 bassent,
877 3079 1335 3181 diligentius
1412 3067 1929 3159 retractarent
2003 3109 2100 3159 ac
2173 3087 2518 3185 legendo

420 3187 1192 3295 commentandoque
1243 3184 1483 3259 etiam
1545 3187 1824 3260 ceteris
1886 3199 2083 3260 nota
2129 3188 2518 3261 facerent.
2559 3185 2582 3196 ”

417 3282 656 3358 Pauu
742 3308 850 3356 ιιιι
897 3285 1143 3386 magis
1196 3311 1289 3360 ac
1341 3286 1585 3388 magis
1640 3310 1721 3362 et
1769 3288 2026 3391 gratia
2055 3309 2136 3363 et
2163 3311 2355 3362 cura
2384 3312 2517 3360 ar-
2561 3338 2572 3346 -

418 3386 520 3461 'tis
571 3383 948 3502 increvit,
1023 3409 1116 3460 ut
1161 3413 1265 3462 ne
1312 3389 1718 3464 clarissimi
1768 3392 2091 3506 quidem
2150 3387 2305 3464 viri
2367 3391 2517 3464 ab·-

416 3486 884 3581 stinuerint,
960 3510 1128 3585 quo
1191 3489 1449 3567 minus
1518 3512 1597 3566 et
1658 3491 1810 3593 ipsi
1890 3489 2187 3589 aliquid
2249 3497 2350 3566 de
2416 3516 2515 3565 ea

417 3587 880 3666 scriberent
926 3590 1233 3692 Igitur
1270 3618 1644 3669 numerus
1696 3617 2024 3693 quoque
2068 3597 2520 3669 scholarum

321 3739 325 3746 «
411 3711 675 3766 nunc
707 3713 985 3770 auctus
1036 3714 1189 3788 est,
1257 3694 1369 3772 ita
1433 3718 1527 3772 ut
1570 3703 1725 3793 jam
1788 3696 2232 3772 Suetonius
2237 3719 2580 3799 super

410 3789 711 3901 viginti,
763 3797 1115 3926 celebres
1154 3802 1451 3880 scholas
1503 3800 1990 3903 temporibus
2042 3799 2516 3903 quibusdam
