2740 4661
1318 253 1532 338 *⁶

426 469 717 544 blicam·
779 493 931 544 nec
1008 472 1381 545 heredem
1456 467 1767 543 institui
1841 490 1995 544 nec
2058 466 2524 584 praecipere

425 596 655 669 posse
687 575 782 650 V.
812 596 881 686 7
898 625 920 664 ,
970 573 1319 646 exhibet.
1421 573 1572 646 Sed
1614 575 1838 667 quod
1879 575 1981 643 ad
2009 569 2397 657 decimum
2435 567 2526 640 li-

428 677 661 746 brum
710 673 1034 765 attinet,
1113 674 1482 774 epistolas
1534 671 1764 768 hujus
1816 668 2034 762 libri,
2105 694 2306 766 quae
2356 668 2527 742 Pli-

431 774 549 845 nii
601 774 797 864 sint,
846 776 1170 874 scriptas
1226 799 1386 848 esse
1439 797 1534 845 eo
1584 793 1980 870 tempore,
2044 795 2208 868 quo
2253 771 2525 870 Lega-

310 885 320 891 ’
429 885 558 949 tus
611 876 959 947 Caesaris
1032 900 1180 972 pro
1245 876 1664 947 Praetore
1685 873 1775 944 in
1838 871 2336 972 provinciam
2383 871 2529 943 Bi·

428 973 792 1071 thyniam
844 972 1113 1048 missus
1165 997 1373 1060 erat,
1423 974 1606 1049 satis
1660 996 1994 1049 constat.
2098 973 2257 1072 Ipsi
2306 997 2529 1064 vern,

428 1096 524 1146 ut
575 1075 661 1144 in
713 1073 1049 1172 epistola
1098 1073 1240 1150 illa
1289 1076 1838 1168 celeberrima,
1892 1102 2098 1174 quae
2150 1081 2249 1148 de
2299 1073 2528 1147 Chri·
2581 1084 2588 1091 “

426 1173 868 1251 stianorum
902 1178 1135 1251 rebus
1187 1177 1637 1297 conscripta
1686 1198 1803 1252 est
1851 1180 1952 1249 X
1998 1203 2119 1277 97.
2136 1229 2158 1268 ,
2209 1174 2358 1266 ait,
2408 1200 2530 1249 so·
2570 1194 2588 1204 ‘

352 1344 359 1347 ι
425 1276 690 1349 Iemne
755 1297 958 1362 erat,
1035 1302 1304 1353 omma
1367 1283 1468 1352 de
1547 1278 1836 1376 quibus
1883 1278 2349 1372 dubitabat,
2424 1279 2539 1348 ad

424 1376 872 1451 Dominum
902 1375 1350 1491 Trajanum
1397 1381 1729 1474 referre,
1781 1400 2034 1487 quum
2079 1403 2315 1451 nemo
2361 1402 2549 1468 mer

429 1478 585 1553 lius
648 1483 783 1555 vel
823 1503 1022 1592 ’ejus
1084 1480 1678 1556 cunctationem
1727 1505 2024 1600 regere
2084 1482 2220 1554 vel
2282 1478 2524 1585 igno-

430 1579 769 1653 tantiam
817 1577 1206 1653 instruere
1253 1602 1541 1679 posset.
1638 1580 1854 1655 Hinc
1904 1580 2166 1693 igitur
2229 1571 2532 1653 factum

433 1699 587 1771 est,
652 1688 758 1752 ιιι
818 1679 987 1753 fere
1036 1699 1248 1753 totus
1310 1681 1448 1754 ille
1497 1680 1700 1755 liber
1750 1680 2097 1754 decimus
2150 1686 2248 1753 de
2297 1684 2534 1753 rebus

431 1777 774 1897 publicis
824 1805 920 1853 ac
972 1779 1350 1859 civilibus
1374 1803 1600 1896 agat3
1652 1803 1733 1855 et
1766 1804 2017 1877 quum
2054 1780 2140 1859 in
2181 1780 2533 1854 interro-

354 1948 357 1951 Α
434 1880 889 1984 gationibus
953 1880 1232 1976 Plinii,
1328 1905 1503 1956 tum
1579 1883 1666 1955 in
1729 1880 2069 1979 Traiani
2137 1880 2533 1995 rescriptis

433 2005 608 2054 non
657 1986 906 2056 solum
955 1986 1245 2077 multa,
1309 2007 1521 2080 quae
1571 1990 1677 2058 ad
1723 2004 2016 2060 statum
2063 1983 2536 2082 provinciae

433 2081 903 2180 Bithy-niae
920 2082 1247 2183 ejusque
1293 2085 1616 2187 urbium
1662 2084 2160 2199 pertineant,
2190 2090 2323 2158 sed
2376 2084 2538 2158 alia

374 2222 381 2230 ·
439 2183 707 2277 etiam,
806 2176 1096 2281 quibus
1170 2172 1527 2261 civilium
1589 2212 1856 2260 rerum
1930 2185 2283 2286 cognitio
2353 2187 2556 2257 Ro-.

435 2306 857 2362 manarum
907 2288 1332 2402 augeatur,
1407 2292 1542 2364 vel
1606 2288 1891 2386 quibus
1942 2287 2297 2363 conditio
2342 2309 2535 2401 pro-

436 2388 889 2464 vinciarum
955 2415 1044 2460 ιιι
1113 2390 1621 2510 universum,
1693 2396 1831 2466 vel
1897 2390 2245 2486 denique
2307 2415 2536 2464 varia

440 2489 1128 2586 diversissimaque
1187 2489 1377 2589 juris
1441 2490 1805 2565 instituta
1865 2517 2012 2589 per
2071 2511 2327 2564 totum
2377 2491 2535 2562 im·-

356 2681 357 2684 ,
436 2589 757 2690 perium
800 2590 1251 2676 Romanum
1296 2612 1620 2691 recepta
1668 2593 2202 2683 illustrentur,
2266 2615 2537 2666 coram.

437 2691 670 2764 nobis
719 2689 977 2789 posita
1027 2691 1206 2767 sint.
1307 2694 1486 2775 Jam
1522 2702 1927 2780 teneamus
1949 2687 2539 2806 'epistolam11.,

438 2791 583 2866 ubi
625 2792 931 2865 Plinius
980 2793 1272 2893 gratias
1321 2794 1488 2893 agit
1535 2794 2042 2893 Imperatori,
2107 2800 2325 2890 quod
2361 2791 2534 2892 jure

441 2892 685 2966 trium
737 2894 1172 2967 liberorum
1233 2894 1564 3010 dignum
1616 2920 1798 2968 eum
1845 2894 2323 2994 putavisset3
2393 2898 2534 2969 sed

440 2994 854 3091 quaelibet
914 2998 1079 3069 fere
1142 3021 1232 3070 at
1234 3002 1613 3095 gumento
1680 3021 1843 3070 esse
1906 2998 2263 3098 videtur,
2344 3021 2535 3070 nam

440 3103 673 3192 quod
715 3097 801 3166 in
852 3122 1036 3212 epp
1067 3100 1368 3172 LXXI.
1421 3119 1501 3171 et
1550 3099 1912 3172 LXXII.
1946 3093 2045 3169 de
2093 3098 2341 3171 libere
2388 3121 2532 3169 na-

439 3197 578 3288 tis»,
635 3199 1009 3312 expo-,sitis
1060 3219 1143 3272 et
1190 3198 1277 3286 in
1336 3198 1716 3273 servitute
1773 3197 2125 3271 educatis
2177 3199 2534 3314 explica-³

443 3320 621 3392 tur,
697 3325 786 3371 ιιι
832 3297 1022 3400 juris
1076 3299 1326 3376 civilis
1392 3298 1889 3399 provinciam
1937 3299 2289 3391 invadit,
2347 3325 2534 3398 per-

441 3398 633 3474 inde
684 3422 945 3498 atque
1005 3426 1179 3491 ea,
1198 3425 1402 3497 quae
1463 3402 1548 3472 in
1599 3425 1784 3514 epp.
1809 3403 2064 3474 XI.V
2120 3403 2401 3476 CXXI.
2451 3421 2536 3472 et

361 3526 377 3534 ·
450 3501 780 3575 CXXII.
834 3508 933 3575 de
975 3502 1535 3616 diplomatibus
1585 3502 1998 3590 dicuntur,
2050 3502 2338 3597 quibus
2369 3502 2537 3575 Ph·-

444 3601 626 3678 nius
664 3603 969 3678 itinera
1022 3610 1529 3717 quarundam
1577 3621 2118 3701 personarum,
2165 3602 2535 3677 nomina-

442 3701 588 3776 tim
636 3706 911 3780 uxoris
964 3729 1144 3779 suae
1191 3704 1358 3779 sine
1410 3704 1804 3804 permissu
1829 3702 2258 3820 Principis,
2305 3701 2534 3802 adju-

442 3825 707 3941 verat,
789 3813 893 3883 ad
939 3806 1387 3887 institutum
1435 3805 1624 3909 juris
1678 3804 1980 3920 publici
1996 3860 2021 3905 ,
2110 3805 2332 3908 quod
2376 3804 2534 3918 jam
