2740 4661
714 228 717 231 ·
1240 187 1548 320 A
1717 342 1726 346 ,
1985 341 1990 345 ,

270 412 286 429 '
356 403 513 504 qui
592 425 739 478 ex
786 399 1339 485 archiatris
1427 404 1519 478 in
1583 401 1945 480 fontibus
2036 422 2478 501 vocantur,

355 501 831 600 coniecturis
893 509 1159 578 haud
1179 504 1422 582 dubie
1484 509 1710 586 locus
1766 528 1883 582 est
1902 560 1926 599 ,
1998 504 2470 606 praesertim

363 634 613 708 quum
664 631 934 682 omnes
998 608 1168 681 fere
1229 605 1426 706 juris
1486 606 1997 707 interpretes
2023 609 2177 690 hac
2223 610 2325 680 de
2375 631 2472 680 re

158 755 166 764 ·
242 744 249 747 ’
357 731 708 787 taceant.
807 707 1163 782 Primum
1194 707 1522 807 quidem
1546 716 1701 785 hoc
1739 709 2072 789 dubium
2104 722 2278 783 esse
2318 720 2473 783 ne‘-
2515 716 2524 723 ’

359 811 576 910 quit,
621 809 1059 886 archiatros
1086 833 1334 909 atque
1361 824 1528 904 eOS,
1579 811 1723 908 qui
1757 838 1865 898 ex
1895 808 2307 886 archiatris
2337 808 2468 881 di·-

320 928 325 933 “
361 936 695 1009 cuntur,
745 935 915 988 non
964 937 1131 1009 esse
1172 918 1492 988 easdem
1524 936 1964 1011 personas3
1993 910 2222 988 alteri
2251 909 2469 987 enim

363 1019 493 1091 ab
530 1012 798 1089 alteris
862 1013 961 1084 in
1013 997 1735 1091 constitutionibus
1812 1039 2084 1113 supra
2118 1006 2470 1099 laudatis,

363 1115 735 1188 distincte
794 1137 1355 1192 secernuntur.
1473 1115 1714 1212 Quae
1769 1142 1996 1192 vero
2030 1141 2071 1190 a
2132 1111 2474 1214 Cujacio

355 1218 791 1331 profertur-
862 1216 1340 1311 sententia,
1395 1170 2089 1331 appellationem
2122 1242 2165 1302 e
2183 1241 2243 1288 x
2319 1239 2472 1294 ar-

308 1399 315 1407 ‚
370 1317 801 1401 chiatris
825 1341 1105 1397 eorum
1147 1342 1560 1418 propriam
1608 1345 1817 1411 esse,
1884 1342 2039 1414 qul
2088 1314 2474 1407 archiatri⁸
2589 1307 2595 1311 ’

362 1417 555 1519 jam
573 1443 818 1507 antea
878 1418 1220 1513 fuerint,
1294 1444 1521 1498 nunc
1563 1446 1774 1500 vero
1843 1444 2006 1499 esse
2068 1416 2513 1507 desierint,-

363 1520 708 1618 antiquo
746 1542 990 1617 atque
1027 1520 1394 1624 genuino
1417 1520 1597 1596 usui
1623 1524 1962 1607 voculae
2023 1544 2067 1615 e
2092 1543 2151 1591 x
2196 1538 2475 1594 tanto-

364 1648 558 1720 pere
595 1626 1035 1739 repugnat,
1084 1644 1180 1694 ut
1226 1647 1334 1694 ne
1355 1624 1902 1735 Imperatores
1940 1606 2268 1719 quidem
2294 1645 2473 1695 sae-

365 1722 549 1799 culi
582 1726 852 1837 quarti
899 1743 982 1796 et
1033 1721 1301 1819 quinti
1349 1720 1501 1796 ista
1551 1723 1939 1821 loquendi
1982 1721 2297 1837 ratione
2344 1719 2473 1804 uti
2583 1760 2592 1765 ·

367 1823 722 1922 potuisse
773 1822 1243 1919 videantur3
1312 1824 1623 1941 quippe
1685 1848 1940 1922 quum
2000 1823 2241 1896 unice
2285 1838 2477 1897 ver·
2557 1864 2565 1875 κ

361 1929 649 2007 borum
723 1925 1002 2007 habita
1073 1925 1390 2000 ratione
1466 1928 1564 2026 ii,
1653 1925 1801 2023 qui
1875 1950 1986 2003 ex
2060 1922 2473 2002 archiatris
2559 2007 2568 2013 ,

367 2047 592 2141 sunt,
654 2050 826 2102 non
874 2052 1023 2140 ’ρῳ
1070 2025 1201 2120 iis,
1272 2027 1419 2143 qui
1466 2027 1845 2110 archiatri
1881 2029 2264 2142 fuerunt,
2330 2030 2471 2110 sed

322 2153 514 2228 ,pro
565 2126 777 2227 ipsis
814 2127 1082 2226 potius
1145 2129 1561 2223 archiatris
1620 2124 1984 2230 habendi
2037 2128 2220 2212 sint.
2313 2125 2471 2205 At·-

348 2248 639 2304 tamen
688 2250 945 2328 quum
991 2230 1415 2315 discrimen
1476 2233 1689 2317 inter
1739 2256 1871 2306 eos
1922 2256 2086 2316 esse
2133 2227 2470 2315 concedi

348 2288 1040 2650 debeatEieque
1019 2355 1294 2410 tamen
1342 2335 1585 2409 liceat
1630 2339 1737 2408 ad
1787 2332 2092 2434 Cujacii
2151 2330 2471 2442 opinio-e

363 2459 552 2516 nem
601 2461 691 2510 ac
743 2441 1013 2528 edere,
1089 2460 1239 2512 nos
1298 2436 1626 2533 quidem
1687 2435 1926 2512 aliam
1987 2435 2470 2550 interpreta-

365 2557 607 2609 thIIlS

300 2693 323 2740 ·.
366 2654 714 2714 ratoriae
789 2635 1432 2731 constitutiones,
1508 2639 1856 2718 maxime
1917 2635 2466 2712 Theodosiani

367 2737 701 2829 codicis,
753 2743 854 2816 de
896 2738 1252 2854 personis
1300 2744 1793 2837 loquuntur,
1843 2761 2047 2837 quae
2082 2765 2187 2813 ex
2219 2736 2469 2816 comi·-

364 2837 615 2935 tibus,
666 2866 768 2913 ex
796 2839 1362 2959 praesidibus,
1384 2868 1492 2915 ex
1517 2842 2084 2935 rationalibus»,
2129 2867 2237 2925 ex
2279 2866 2467 2939 perv

763 2559 1075 2613 tionem
1131 2537 1381 2615 secuti
1448 2557 1740 2614 sumus.
1837 2536 2145 2612 Multae
2208 2537 2472 2634 impe-‚2-
2579 2608 2583 2613 .

364 2939 838 3034 fectis-simis,
922 2969 1022 3016 ex
1087 2942 1407 3024 vicariis
1458 2966 1607 3019 etc.
1658 2964 2243 3043 nuncupantur
2287 2962 2370 3015 et
2415 2964 2463 3014 a
2557 2999 2570 3014 ,
2617 2955 2636 2963 ‘

364 3040 576 3116 veris
626 3043 1042 3119 comitibus
1063 3098 1086 3137 ,
1157 3047 1697 3221 praesidibus,
1741 3044 2260 3120 rationalibus
2310 3064 2462 3124 etc.
2550 3057 2558 3060 ”

364 3164 734 3220 accurate
782 3146 1426 3247 distinguuntur.
1606 3149 1801 3225 ...26
1868 3145 2464 3229 56.C.1½e0d
2505 3220 2513 3227 ,

364 3247 460 3321 cle
511 3249 882 3324 decurion.
946 3252 1143 3328 XII.
1215 3276 1279 3320 1·
1344 3254 1399 3326 l.
1461 3250 1685 3323 unica
1753 3251 1834 3321 C.
1913 3250 2053 3322 Th.
2115 3251 2210 3332 de
2246 3247 2461 3344 prof.

363 3349 497 3440 qui
547 3348 626 3420 in
672 3348 836 3420 urb.
897 3351 1137 3423 Const.
1174 3355 1333 3423 doc.
1387 3378 1475 3423 ex
1524 3356 1669 3447 leg·
1721 3377 1900 3424 mer.
1934 3376 2119 3430 com·
2174 3353 2259 3423 V
2251 3351 2316 3425 I
2346 3372 2467 3423 21
2518 3375 2522 3379 “
2593 3423 2598 3431 .

365 3445 546 3534 Jam
596 3448 1074 3564 quaeritur,
1100 3456 1533 3565 quomodo
1597 3447 1927 3536 nomina
1977 3449 2118 3525 illa
2162 3448 2466 3524 intelli-.-

366 3554 634 3646 genda
683 3551 877 3646 sint,
939 3556 1368 3666 qualeque
1393 3553 1491 3627 sit
1542 3547 1961 3629 discrimen
2008 3550 2228 3627 verbi
2281 3572 2465 3647 gra-

366 3647 484 3721 tia
533 3649 744 3725 inter
794 3654 1115 3731 comites
1168 3678 1414 3751 atque
1466 3681 1634 3748 eOS,
1700 3656 1842 3752 qui
1894 3680 1999 3728 ex
2050 3651 2465 3765 comitibus

366 3771 591 3852 sunt3
642 3775 726 3838 et
773 3762 970 3842 haec
1019 3757 1398 3866 quaestio
1424 3756 1662 3833 nullis
1714 3759 2104 3853 involuta
2126 3780 2316 3840 esse
2339 3753 2462 3840 vi·-
