<?xml version="1.0" encoding="UTF-8"?>
<!DOCTYPE html PUBLIC "-//W3C//DTD XHTML 1.0 Transitional//EN"
    "http://www.w3.org/TR/xhtml1/DTD/xhtml1-transitional.dtd">
<html xmlns="http://www.w3.org/1999/xhtml" xml:lang="en" lang="en">
 <head>
  <title>
</title>
<meta http-equiv="Content-Type" content="text/html;charset=utf-8" />
  <meta name='ocr-system' content='tesseract 3.04.00' />
  <meta name='ocr-capabilities' content='ocr_page ocr_carea ocr_par ocr_line ocrx_word'/>
</head>
<body>
  <div class='ocr_page' id='page_1' title='image "./deprofessoribus00gaupgoog_0054.png"; bbox 0 0 2740 4661; ppageno 0'>
   <div class='ocr_carea' id='block_1_1' title="bbox 1367 222 1526 332">
    <p class='ocr_par' dir='ltr' id='par_1_1' title="bbox 1367 222 1526 332">
     <span class='ocr_line' id='line_1_1' title="bbox 1367 222 1526 332; baseline 0 0"><span class='ocrx_word' id='word_1_1' title='bbox 1367 222 1484 301; x_wconf 64' lang='lat'>48</span> <span class='ocrx_word' id='word_1_2' title='bbox 1520 327 1526 332; x_wconf 92' lang='lat'><em>.</em></span> 
     </span>
    </p>
   </div>
   <div class='ocr_carea' id='block_1_2' title="bbox 1275 331 1579 348">
    <p class='ocr_par' dir='ltr' id='par_1_2' title="bbox 1275 331 1579 348">
     <span class='ocr_line' id='line_1_2' title="bbox 1275 331 1579 348; baseline 0 4313"><span class='ocrx_word' id='word_1_3' title='bbox 1275 331 1579 348; x_wconf 95' lang='lat' dir='ltr'> </span> 
     </span>
    </p>
   </div>
   <div class='ocr_carea' id='block_1_3' title="bbox 379 439 2594 563">
    <p class='ocr_par' dir='ltr' id='par_1_3' title="bbox 379 439 2594 563">
     <span class='ocr_line' id='line_1_3' title="bbox 379 439 2594 563; baseline -0.001 -44"><span class='ocrx_word' id='word_1_4' title='bbox 379 440 822 563; x_wconf 76' lang='lat' dir='ltr'>eversiones</span> <span class='ocrx_word' id='word_1_5' title='bbox 897 465 948 514; x_wconf 89' lang='lat' dir='ltr'>a</span> <span class='ocrx_word' id='word_1_6' title='bbox 1009 439 1339 539; x_wconf 79' lang='lat' dir='ltr'>perditis</span> <span class='ocrx_word' id='word_1_7' title='bbox 1415 442 2058 521; x_wconf 74' lang='lat' dir='ltr'><strong>adolescentibus</strong></span> <span class='ocrx_word' id='word_1_8' title='bbox 2115 440 2240 519; x_wconf 78' lang='lat' dir='ltr'>ibi</span> <span class='ocrx_word' id='word_1_9' title='bbox 2302 446 2480 516; x_wconf 82' lang='lat' dir='ltr'>non</span> <span class='ocrx_word' id='word_1_10' title='bbox 2583 470 2594 477; x_wconf 85' lang='grc'><em>·</em></span> 
     </span>
    </p>
   </div>
   <div class='ocr_carea' id='block_1_4' title="bbox 373 530 2484 848">
    <p class='ocr_par' dir='ltr' id='par_1_4' title="bbox 373 530 2484 848">
     <span class='ocr_line' id='line_1_4' title="bbox 378 530 2476 636; baseline -0.001 -17"><span class='ocrx_word' id='word_1_11' title='bbox 378 530 593 636; x_wconf 72' lang='lat' dir='ltr'>fie‘ri,</span> <span class='ocrx_word' id='word_1_12' title='bbox 673 541 1179 617; x_wconf 87' lang='lat' dir='ltr'>manifestum</span> <span class='ocrx_word' id='word_1_13' title='bbox 1254 566 1376 619; x_wconf 84' lang='lat' dir='ltr'>est</span> <span class='ocrx_word' id='word_1_14' title='bbox 1450 532 1692 618; x_wconf 57' lang='lat' dir='ltr'>mihil</span> <span class='ocrx_word' id='word_1_15' title='bbox 1784 545 1936 619; x_wconf 86' lang='lat' dir='ltr'>Sed</span> <span class='ocrx_word' id='word_1_16' title='bbox 2005 546 2286 618; x_wconf 87' lang='lat' dir='ltr'>subito</span> <span class='ocrx_word' id='word_1_17' title='bbox 2337 544 2476 616; x_wconf 82' lang='lat' dir='ltr'>in·-</span> 
     </span>
     <span class='ocr_line' id='line_1_5' title="bbox 377 645 2484 745; baseline 0 -27"><span class='ocrx_word' id='word_1_18' title='bbox 377 646 710 743; x_wconf 87' lang='lat' dir='ltr'>quiunt·</span> <span class='ocrx_word' id='word_1_19' title='bbox 757 670 864 718; x_wconf 89' lang='lat' dir='ltr'>ne</span> <span class='ocrx_word' id='word_1_20' title='bbox 910 645 1286 745; x_wconf 87' lang='lat' dir='ltr'>magistro</span> <span class='ocrx_word' id='word_1_21' title='bbox 1335 654 1777 721; x_wconf 83' lang='lat' dir='ltr'>mercedem</span> <span class='ocrx_word' id='word_1_22' title='bbox 1829 649 2207 740; x_wconf 79' lang='lat' dir='ltr'>reddant3</span> <span class='ocrx_word' id='word_1_23' title='bbox 2275 671 2484 721; x_wconf 76' lang='lat' dir='ltr'>con·-</span> 
     </span>
     <span class='ocr_line' id='line_1_6' title="bbox 373 746 2471 848; baseline -0.001 -23"><span class='ocrx_word' id='word_1_24' title='bbox 373 746 686 848; x_wconf 85' lang='lat' dir='ltr'>spirant</span> <span class='ocrx_word' id='word_1_25' title='bbox 755 747 987 820; x_wconf 89' lang='lat' dir='ltr'>multi</span> <span class='ocrx_word' id='word_1_26' title='bbox 1049 752 1590 824; x_wconf 78' lang='lat' dir='ltr'>adolescentes</span> <span class='ocrx_word' id='word_1_27' title='bbox 1657 769 1739 822; x_wconf 86' lang='lat' dir='ltr'>et</span> <span class='ocrx_word' id='word_1_28' title='bbox 1813 751 2307 822; x_wconf 85' lang='lat' dir='ltr'>transferunt</span> <span class='ocrx_word' id='word_1_29' title='bbox 2387 773 2471 822; x_wconf 87' lang='lat' dir='ltr'>se</span> 
     </span>
    </p>
   </div>
   <div class='ocr_carea' id='block_1_5' title="bbox 212 838 2478 948">
    <p class='ocr_par' dir='ltr' id='par_1_5' title="bbox 212 838 2478 948">
     <span class='ocr_line' id='line_1_7' title="bbox 212 838 2478 948; baseline 0 -25"><span class='ocrx_word' id='word_1_30' title='bbox 212 838 220 845; x_wconf 62' lang='grc'><strong>’</strong></span> <span class='ocrx_word' id='word_1_31' title='bbox 300 920 303 923; x_wconf 75' lang='grc'>,</span> <span class='ocrx_word' id='word_1_32' title='bbox 375 856 484 926; x_wconf 88' lang='lat' dir='ltr'>ad</span> <span class='ocrx_word' id='word_1_33' title='bbox 544 848 791 923; x_wconf 88' lang='lat' dir='ltr'>alium</span> <span class='ocrx_word' id='word_1_34' title='bbox 815 852 867 917; x_wconf 87' lang='lat'>‘.‘.</span> <span class='ocrx_word' id='word_1_35' title='bbox 970 848 1151 930; x_wconf 83' lang='lat' dir='ltr'>Jam</span> <span class='ocrx_word' id='word_1_36' title='bbox 1209 854 1992 948; x_wconf 58' lang='lat' dir='ltr'>praeter-mercedes</span> <span class='ocrx_word' id='word_1_37' title='bbox 2059 848 2478 932; x_wconf 85' lang='lat' dir='ltr'>doctrinae</span> 
     </span>
    </p>
   </div>
   <div class='ocr_carea' id='block_1_6' title="bbox 324 948 2574 2884">
    <p class='ocr_par' dir='ltr' id='par_1_6' title="bbox 342 948 2560 1560">
     <span class='ocr_line' id='line_1_8' title="bbox 375 948 2480 1050; baseline 0 -25"><span class='ocrx_word' id='word_1_38' title='bbox 375 950 665 1029; x_wconf 83' lang='lat' dir='ltr'>salaria</span> <span class='ocrx_word' id='word_1_39' title='bbox 712 948 954 1025; x_wconf 85' lang='lat' dir='ltr'>etiam</span> <span class='ocrx_word' id='word_1_40' title='bbox 1001 952 1571 1048; x_wconf 70' lang='lat' dir='ltr'>professoribus</span> <span class='ocrx_word' id='word_1_41' title='bbox 1619 979 1673 1027; x_wconf 89' lang='lat' dir='ltr'>a</span> <span class='ocrx_word' id='word_1_42' title='bbox 1722 949 2188 1038; x_wconf 84' lang='lat' dir='ltr'>eivitatibus</span> <span class='ocrx_word' id='word_1_43' title='bbox 2205 970 2206 975; x_wconf 76' lang='grc'>’</span> <span class='ocrx_word' id='word_1_44' title='bbox 2238 975 2480 1050; x_wconf 77' lang='lat' dir='ltr'>prae-</span> 
     </span>
     <span class='ocr_line' id='line_1_9' title="bbox 372 1052 2481 1168; baseline -0.002 -37"><span class='ocrx_word' id='word_1_45' title='bbox 372 1057 697 1143; x_wconf 65' lang='lat' dir='ltr'>manda,</span> <span class='ocrx_word' id='word_1_46' title='bbox 746 1053 1237 1150; x_wconf 80' lang='lat' dir='ltr'>temporibus</span> <span class='ocrx_word' id='word_1_47' title='bbox 1291 1052 1810 1129; x_wconf 85' lang='lat' dir='ltr'>Constantini</span> <span class='ocrx_word' id='word_1_48' title='bbox 1849 1053 2341 1168; x_wconf 79' lang='lat' dir='ltr'><strong>aliquamdiu</strong></span> <span class='ocrx_word' id='word_1_49' title='bbox 2381 1052 2481 1126; x_wconf 82' lang='lat' dir='ltr'>iis</span> 
     </span>
     <span class='ocr_line' id='line_1_10' title="bbox 370 1152 2479 1268; baseline -0.001 -37"><span class='ocrx_word' id='word_1_50' title='bbox 370 1160 783 1268; x_wconf 83' lang='lat' dir='ltr'>denegata</span> <span class='ocrx_word' id='word_1_51' title='bbox 823 1179 985 1227; x_wconf 88' lang='lat' dir='ltr'>esse</span> <span class='ocrx_word' id='word_1_52' title='bbox 1036 1152 1441 1250; x_wconf 76' lang='lat' dir='ltr'>videntur,</span> <span class='ocrx_word' id='word_1_53' title='bbox 1489 1178 1677 1230; x_wconf 86' lang='lat' dir='ltr'>nam</span> <span class='ocrx_word' id='word_1_54' title='bbox 1729 1179 1814 1231; x_wconf 91' lang='lat' dir='ltr'>et</span> <span class='ocrx_word' id='word_1_55' title='bbox 1864 1161 2076 1228; x_wconf 69' lang='lat' dir='ltr'>haec</span> <span class='ocrx_word' id='word_1_56' title='bbox 2112 1155 2337 1228; x_wconf 83' lang='lat' dir='ltr'>reddi</span> <span class='ocrx_word' id='word_1_57' title='bbox 2382 1153 2479 1228; x_wconf 74' lang='lat' dir='ltr'>iis</span> 
     </span>
     <span class='ocr_line' id='line_1_11' title="bbox 342 1236 2474 1355; baseline -0.003 -23"><span class='ocrx_word' id='word_1_58' title='bbox 342 1254 939 1332; x_wconf 76' lang='lat' dir='ltr'>&#39;Constantinus</span> <span class='ocrx_word' id='word_1_59' title='bbox 990 1253 1077 1329; x_wconf 91' lang='lat' dir='ltr'>in</span> <span class='ocrx_word' id='word_1_60' title='bbox 1130 1259 1431 1372; x_wconf 69' lang='lat' dir='ltr'><em>l.1‘.§.</em></span> <span class='ocrx_word' id='word_1_61' title='bbox 1484 1282 1556 1334; x_wconf 83' lang='lat'>2.</span> <span class='ocrx_word' id='word_1_62' title='bbox 1614 1259 2241 1336; x_wconf 67' lang='lat' dir='ltr'>Cod.1½eod.de</span> <span class='ocrx_word' id='word_1_63' title='bbox 2272 1236 2474 1355; x_wconf 72' lang='grc' dir='ltr'><strong><em>ηιξᾱ.</em></strong></span> 
     </span>
     <span class='ocr_line' id='line_1_12' title="bbox 374 1354 2560 1474; baseline -0.002 -41"><span class='ocrx_word' id='word_1_64' title='bbox 374 1368 468 1433; x_wconf 83' lang='lat' dir='ltr'>et</span> <span class='ocrx_word' id='word_1_65' title='bbox 493 1358 705 1455; x_wconf 83' lang='lat' dir='ltr'>prof.</span> <span class='ocrx_word' id='word_1_66' title='bbox 756 1354 965 1433; x_wconf 89' lang='lat' dir='ltr'><em>XIII</em></span> <span class='ocrx_word' id='word_1_67' title='bbox 1017 1361 1091 1434; x_wconf 77' lang='lat'>3.</span> <span class='ocrx_word' id='word_1_68' title='bbox 1138 1354 1402 1456; x_wconf 87' lang='lat' dir='ltr'>jussit.</span> <span class='ocrx_word' id='word_1_69' title='bbox 1504 1360 2146 1474; x_wconf 83' lang='lat' dir='ltr'>Denegab&#39;antur</span> <span class='ocrx_word' id='word_1_70' title='bbox 2204 1380 2480 1432; x_wconf 88' lang='lat' dir='ltr'>autem</span> <span class='ocrx_word' id='word_1_71' title='bbox 2555 1374 2560 1381; x_wconf 86' lang='grc'><em>·</em></span> 
     </span>
     <span class='ocr_line' id='line_1_13' title="bbox 372 1457 2496 1560; baseline -0.002 -24"><span class='ocrx_word' id='word_1_72' title='bbox 372 1487 427 1536; x_wconf 85' lang='lat' dir='ltr'>a</span> <span class='ocrx_word' id='word_1_73' title='bbox 476 1457 961 1551; x_wconf 85' lang='lat' dir='ltr'>civitatibus</span> <span class='ocrx_word' id='word_1_74' title='bbox 980 1464 1203 1534; x_wconf 86' lang='lat' dir='ltr'>haud</span> <span class='ocrx_word' id='word_1_75' title='bbox 1267 1459 1510 1539; x_wconf 87' lang='lat' dir='ltr'>dubie</span> <span class='ocrx_word' id='word_1_76' title='bbox 1572 1487 1758 1559; x_wconf 89' lang='lat' dir='ltr'>per</span> <span class='ocrx_word' id='word_1_77' title='bbox 1784 1458 2193 1560; x_wconf 83' lang='lat' dir='ltr'>injuriam,</span> <span class='ocrx_word' id='word_1_78' title='bbox 2271 1461 2496 1533; x_wconf 84' lang='lat' dir='ltr'>forte</span> 
     </span>
    </p>

    <p class='ocr_par' dir='ltr' id='par_1_7' title="bbox 324 1559 2574 2884">
     <span class='ocr_line' id='line_1_14' title="bbox 435 1559 2477 1677; baseline -0 -41"><span class='ocrx_word' id='word_1_79' title='bbox 435 1567 514 1636; x_wconf 92' lang='lat' dir='ltr'>el</span> <span class='ocrx_word' id='word_1_80' title='bbox 562 1559 758 1659; x_wconf 87' lang='lat' dir='ltr'>quia</span> <span class='ocrx_word' id='word_1_81' title='bbox 807 1560 927 1635; x_wconf 90' lang='lat' dir='ltr'>his</span> <span class='ocrx_word' id='word_1_82' title='bbox 977 1564 1376 1638; x_wconf 81' lang='lat' dir='ltr'>solvendis</span> <span class='ocrx_word' id='word_1_83' title='bbox 1438 1562 1803 1637; x_wconf 86' lang='lat' dir='ltr'>sufficere</span> <span class='ocrx_word' id='word_1_84' title='bbox 1864 1589 1945 1636; x_wconf 91' lang='lat' dir='ltr'>se</span> <span class='ocrx_word' id='word_1_85' title='bbox 2007 1585 2179 1634; x_wconf 89' lang='lat' dir='ltr'>non</span> <span class='ocrx_word' id='word_1_86' title='bbox 2241 1587 2477 1677; x_wconf 87' lang='lat' dir='ltr'>posse</span> 
     </span>
     <span class='ocr_line' id='line_1_15' title="bbox 372 1588 2479 1778; baseline -0 -41"><span class='ocrx_word' id='word_1_87' title='bbox 372 1588 830 1754; x_wconf 43' lang='lat' dir='ltr'>gemerent,</span> <span class='ocrx_word' id='word_1_88' title='bbox 912 1667 1047 1738; x_wconf 84' lang='lat' dir='ltr'>vel</span> <span class='ocrx_word' id='word_1_89' title='bbox 1110 1664 1309 1760; x_wconf 84' lang='lat' dir='ltr'>quia</span> <span class='ocrx_word' id='word_1_90' title='bbox 1382 1669 1691 1778; x_wconf 75' lang='lat' dir='ltr'>solvere</span> <span class='ocrx_word' id='word_1_91' title='bbox 1756 1662 2280 1751; x_wconf 81' lang='lat' dir='ltr'>Christianae</span> <span class='ocrx_word' id='word_1_92' title='bbox 2315 1660 2479 1760; x_wconf 83' lang='lat' dir='ltr'>jam</span> 
     </span>
     <span class='ocr_line' id='line_1_16' title="bbox 372 1763 2479 1866; baseline -0.002 -26"><span class='ocrx_word' id='word_1_93' title='bbox 372 1763 739 1840; x_wconf 80' lang='lat' dir='ltr'>civitates</span> <span class='ocrx_word' id='word_1_94' title='bbox 787 1767 1103 1839; x_wconf 85' lang='lat' dir='ltr'>nollent</span> <span class='ocrx_word' id='word_1_95' title='bbox 1147 1765 1502 1866; x_wconf 84' lang='lat' dir='ltr'>paganis</span> <span class='ocrx_word' id='word_1_96' title='bbox 1519 1766 1997 1840; x_wconf 77' lang='lat' dir='ltr'>doctoribus.</span> <span class='ocrx_word' id='word_1_97' title='bbox 2097 1767 2267 1836; x_wconf 80' lang='lat' dir='ltr'>Jac.</span> <span class='ocrx_word' id='word_1_98' title='bbox 2301 1769 2479 1836; x_wconf 63' lang='lat' dir='ltr'>Go-a</span> 
     </span>
     <span class='ocr_line' id='line_1_17' title="bbox 370 1867 2486 1969; baseline 0.001 -31.003"><span class='ocrx_word' id='word_1_99' title='bbox 370 1867 677 1969; x_wconf 42' lang='lat' dir='ltr'>thofrst</span> <span class='ocrx_word' id='word_1_100' title='bbox 646 1891 725 1936; x_wconf 86' lang='lat' dir='ltr'>m</span> <span class='ocrx_word' id='word_1_101' title='bbox 756 1872 1141 1942; x_wconf 77' lang='lat' dir='ltr'>comment.</span> <span class='ocrx_word' id='word_1_102' title='bbox 1176 1873 1285 1938; x_wconf 83' lang='lat' dir='ltr'>ad</span> <span class='ocrx_word' id='word_1_103' title='bbox 1310 1870 1364 1942; x_wconf 82' lang='lat' dir='ltr'>l.</span> <span class='ocrx_word' id='word_1_104' title='bbox 1396 1870 1454 1943; x_wconf 80' lang='lat' dir='ltr'>l.</span> <span class='ocrx_word' id='word_1_105' title='bbox 1491 1871 1694 1944; x_wconf 84' lang='lat' dir='ltr'>Tom.</span> <span class='ocrx_word' id='word_1_106' title='bbox 1732 1872 1827 1943; x_wconf 87' lang='lat' dir='ltr'>V.</span> <span class='ocrx_word' id='word_1_107' title='bbox 1808 1895 1925 1964; x_wconf 93' lang='grc' dir='ltr'>..Ρ</span> <span class='ocrx_word' id='word_1_108' title='bbox 1946 1870 2088 1942; x_wconf 70' lang='lat'>30.</span> <span class='ocrx_word' id='word_1_109' title='bbox 2174 1867 2486 1940; x_wconf 84' lang='lat' dir='ltr'>Contra</span> 
     </span>
     <span class='ocr_line' id='line_1_18' title="bbox 370 1956 2481 2093; baseline 0.001 -53.003"><span class='ocrx_word' id='word_1_110' title='bbox 370 1956 785 2093; x_wconf 81' lang='lat' dir='ltr'>Julianus,</span> <span class='ocrx_word' id='word_1_111' title='bbox 879 1989 1123 2062; x_wconf 88' lang='lat' dir='ltr'>quem</span> <span class='ocrx_word' id='word_1_112' title='bbox 1195 1967 1710 2066; x_wconf 88' lang='lat' dir='ltr'>Apostatam</span> <span class='ocrx_word' id='word_1_113' title='bbox 1737 1968 2128 2061; x_wconf 84' lang='lat' dir='ltr'>dicimus,</span> <span class='ocrx_word' id='word_1_114' title='bbox 2189 1967 2481 2042; x_wconf 84' lang='lat' dir='ltr'>docere</span> 
     </span>
     <span class='ocr_line' id='line_1_19' title="bbox 371 2068 2482 2186; baseline -0.001 -39"><span class='ocrx_word' id='word_1_115' title='bbox 371 2068 667 2147; x_wconf 83' lang='lat' dir='ltr'>vetuit·</span> <span class='ocrx_word' id='word_1_116' title='bbox 702 2068 1139 2170; x_wconf 75' lang='lat' dir='ltr'>magistros</span> <span class='ocrx_word' id='word_1_117' title='bbox 1223 2070 1690 2147; x_wconf 84' lang='lat' dir='ltr'>rhetoricos</span> <span class='ocrx_word' id='word_1_118' title='bbox 1756 2092 1839 2144; x_wconf 89' lang='lat' dir='ltr'>et</span> <span class='ocrx_word' id='word_1_119' title='bbox 1927 2068 2482 2186; x_wconf 83' lang='lat' dir='ltr'>grammaticos</span> 
     </span>
     <span class='ocr_line' id='line_1_20' title="bbox 373 2167 2482 2267; baseline -0.001 -21"><span class='ocrx_word' id='word_1_120' title='bbox 373 2167 900 2273; x_wconf 83' lang='lat' dir='ltr'>Christianos,</span> <span class='ocrx_word' id='word_1_121' title='bbox 949 2195 1054 2243; x_wconf 90' lang='lat' dir='ltr'>ne</span> <span class='ocrx_word' id='word_1_122' title='bbox 1097 2171 1240 2267; x_wconf 89' lang='lat' dir='ltr'>qui</span> <span class='ocrx_word' id='word_1_123' title='bbox 1276 2173 1712 2246; x_wconf 83' lang='lat' dir='ltr'>transirent</span> <span class='ocrx_word' id='word_1_124' title='bbox 1753 2199 1803 2247; x_wconf 93' lang='lat' dir='ltr'>a</span> <span class='ocrx_word' id='word_1_125' title='bbox 1843 2172 2264 2245; x_wconf 83' lang='lat' dir='ltr'>numinum</span> <span class='ocrx_word' id='word_1_126' title='bbox 2303 2175 2482 2245; x_wconf 87' lang='lat' dir='ltr'>cul·</span> 
     </span>
     <span class='ocr_line' id='line_1_21' title="bbox 369 2261 2478 2389; baseline -0.002 -39"><span class='ocrx_word' id='word_1_127' title='bbox 369 2297 511 2371; x_wconf 80' lang='lat' dir='ltr'>tu;</span> <span class='ocrx_word' id='word_1_128' title='bbox 555 2298 802 2389; x_wconf 79' lang='lat' dir='ltr'>quam</span> <span class='ocrx_word' id='word_1_129' title='bbox 850 2261 1415 2348; x_wconf 82' lang='lat' dir='ltr'>inclementem</span> <span class='ocrx_word' id='word_1_130' title='bbox 1464 2279 1721 2378; x_wconf 78' lang='lat' dir='ltr'>legem</span> <span class='ocrx_word' id='word_1_131' title='bbox 1770 2277 2265 2351; x_wconf 83' lang='lat' dir='ltr'>obruendam</span> <span class='ocrx_word' id='word_1_132' title='bbox 2314 2297 2478 2347; x_wconf 88' lang='lat' dir='ltr'>esse</span> 
     </span>
     <span class='ocr_line' id='line_1_22' title="bbox 324 2368 2477 2478; baseline -0.002 -27"><span class='ocrx_word' id='word_1_133' title='bbox 324 2465 327 2474; x_wconf 17' lang='grc' dir='ltr'>ζ</span> <span class='ocrx_word' id='word_1_134' title='bbox 369 2375 716 2478; x_wconf 86' lang='lat' dir='ltr'>peren-ni</span> <span class='ocrx_word' id='word_1_135' title='bbox 809 2368 1164 2468; x_wconf 82' lang='lat' dir='ltr'>silentio,</span> <span class='ocrx_word' id='word_1_136' title='bbox 1261 2376 1524 2451; x_wconf 88' lang='lat' dir='ltr'>Amm.</span> <span class='ocrx_word' id='word_1_137' title='bbox 1598 2371 2109 2466; x_wconf 83' lang='lat' dir='ltr'>Marcellinus</span> <span class='ocrx_word' id='word_1_138' title='bbox 2187 2397 2477 2451; x_wconf 84' lang='lat' dir='ltr'>censet.</span> 
     </span>
     <span class='ocr_line' id='line_1_23' title="bbox 373 2473 2482 2565; baseline -0.002 -11"><span class='ocrx_word' id='word_1_139' title='bbox 373 2473 620 2560; x_wconf 89' lang='lat' dir='ltr'><em>XXH.</em></span> <span class='ocrx_word' id='word_1_140' title='bbox 679 2504 796 2551; x_wconf 88' lang='grc' dir='ltr'>ιο.</span> <span class='ocrx_word' id='word_1_141' title='bbox 838 2475 1074 2552; x_wconf 87' lang='lat' dir='ltr'><em>XXV.</em></span> <span class='ocrx_word' id='word_1_142' title='bbox 1110 2478 1183 2551; x_wconf 89' lang='grc'>6.</span> <span class='ocrx_word' id='word_1_143' title='bbox 1286 2479 1581 2552; x_wconf 84' lang='lat' dir='ltr'>Exstat</span> <span class='ocrx_word' id='word_1_144' title='bbox 1627 2501 1914 2553; x_wconf 83' lang='lat' dir='ltr'>autem</span> <span class='ocrx_word' id='word_1_145' title='bbox 1944 2479 2272 2565; x_wconf 85' lang='lat' dir='ltr'>fortasse</span> <span class='ocrx_word' id='word_1_146' title='bbox 2317 2484 2482 2550; x_wconf 76' lang='lat' dir='ltr'>hu·</span> 
     </span>
     <span class='ocr_line' id='line_1_24' title="bbox 350 2569 2574 2694; baseline -0.002 -39.973"><span class='ocrx_word' id='word_1_147' title='bbox 350 2581 499 2681; x_wconf 84' lang='lat' dir='ltr'>jus</span> <span class='ocrx_word' id='word_1_148' title='bbox 540 2569 946 2657; x_wconf 77' lang='lat' dir='ltr'>interdicti</span> <span class='ocrx_word' id='word_1_149' title='bbox 998 2583 1534 2694; x_wconf 83' lang='lat' dir='ltr'>fragmentum</span> <span class='ocrx_word' id='word_1_150' title='bbox 1574 2579 1664 2653; x_wconf 87' lang='lat' dir='ltr'>in</span> <span class='ocrx_word' id='word_1_151' title='bbox 1692 2583 1855 2682; x_wconf 82' lang='lat' dir='ltr'>lege</span> <span class='ocrx_word' id='word_1_152' title='bbox 1883 2575 2574 2657; x_wconf 72' lang='lat' dir='ltr'>5.Cod.&#39;.17120d.‘</span> 
     </span>
     <span class='ocr_line' id='line_1_25' title="bbox 374 2681 2479 2797; baseline -0.001 -41"><span class='ocrx_word' id='word_1_153' title='bbox 374 2686 469 2757; x_wconf 84' lang='lat' dir='ltr'>de</span> <span class='ocrx_word' id='word_1_154' title='bbox 501 2682 1063 2777; x_wconf 74' lang='lat' dir='ltr'>med.etpr0f1·.,</span> <span class='ocrx_word' id='word_1_155' title='bbox 1129 2703 1343 2758; x_wconf 84' lang='lat' dir='ltr'>certe</span> <span class='ocrx_word' id='word_1_156' title='bbox 1364 2708 1439 2797; x_wconf 66' lang='grc' dir='ltr'>ει</span> <span class='ocrx_word' id='word_1_157' title='bbox 1474 2699 1645 2756; x_wconf 82' lang='grc' dir='ltr'><strong><em>ιιοιι</em></strong></span> <span class='ocrx_word' id='word_1_158' title='bbox 1686 2703 1995 2796; x_wconf 87' lang='lat' dir='ltr'>partem</span> <span class='ocrx_word' id='word_1_159' title='bbox 2026 2681 2239 2753; x_wconf 89' lang='lat' dir='ltr'>illius</span> <span class='ocrx_word' id='word_1_160' title='bbox 2273 2686 2479 2753; x_wconf 81' lang='lat' dir='ltr'>haec</span> 
     </span>
     <span class='ocr_line' id='line_1_26' title="bbox 371 2773 2530 2884; baseline -0.003 -25"><span class='ocrx_word' id='word_1_161' title='bbox 371 2780 836 2859; x_wconf 86' lang='lat' dir='ltr'>constitutio</span> <span class='ocrx_word' id='word_1_162' title='bbox 885 2780 1165 2875; x_wconf 77' lang='lat' dir='ltr'>faciat,</span> <span class='ocrx_word' id='word_1_163' title='bbox 1217 2773 1320 2868; x_wconf 47' lang='grc' dir='ltr'>αἱ</span> <span class='ocrx_word' id='word_1_164' title='bbox 1373 2781 1540 2884; x_wconf 78' lang='lat' dir='ltr'>ejus</span> <span class='ocrx_word' id='word_1_165' title='bbox 1587 2807 1859 2874; x_wconf 87' lang='lat' dir='ltr'>tamen</span> <span class='ocrx_word' id='word_1_166' title='bbox 1892 2781 2530 2878; x_wconf 47' lang='lat' dir='ltr'>interdictionisg</span> 
     </span>
    </p>
   </div>
   <div class='ocr_carea' id='block_1_7' title="bbox 373 2868 2626 2992">
    <p class='ocr_par' dir='ltr' id='par_1_8' title="bbox 373 2868 2626 2992">
     <span class='ocr_line' id='line_1_27' title="bbox 373 2868 2626 2992; baseline -0.002 -33"><span class='ocrx_word' id='word_1_167' title='bbox 373 2885 620 2964; x_wconf 87' lang='lat' dir='ltr'>finem</span> <span class='ocrx_word' id='word_1_168' title='bbox 661 2881 1056 2981; x_wconf 89' lang='lat' dir='ltr'>respicere</span> <span class='ocrx_word' id='word_1_169' title='bbox 1106 2884 1450 2992; x_wconf 85' lang='lat' dir='ltr'>videtur</span> <span class='ocrx_word' id='word_1_170' title='bbox 1551 2868 1704 2959; x_wconf 86' lang='lat' dir='ltr'>Sed</span> <span class='ocrx_word' id='word_1_171' title='bbox 1747 2907 1828 2960; x_wconf 91' lang='lat' dir='ltr'>et</span> <span class='ocrx_word' id='word_1_172' title='bbox 1867 2882 2209 2958; x_wconf 82' lang='lat' dir='ltr'>medicos</span> <span class='ocrx_word' id='word_1_173' title='bbox 2239 2881 2476 2958; x_wconf 74' lang='lat' dir='ltr'>Chri-</span> <span class='ocrx_word' id='word_1_174' title='bbox 2621 2894 2626 2898; x_wconf 84' lang='grc'><strong>’</strong></span> 
     </span>
    </p>
   </div>
   <div class='ocr_carea' id='block_1_8' title="bbox 286 2985 2582 3908">
    <p class='ocr_par' dir='ltr' id='par_1_9' title="bbox 286 2985 2582 3908">
     <span class='ocr_line' id='line_1_28' title="bbox 373 2985 2477 3088; baseline -0.004 -26"><span class='ocrx_word' id='word_1_175' title='bbox 373 2987 671 3063; x_wconf 88' lang='lat' dir='ltr'>stianos</span> <span class='ocrx_word' id='word_1_176' title='bbox 720 2985 1090 3067; x_wconf 88' lang='lat' dir='ltr'>Julianus</span> <span class='ocrx_word' id='word_1_177' title='bbox 1141 3009 1340 3061; x_wconf 87' lang='lat' dir='ltr'>teste</span> <span class='ocrx_word' id='word_1_178' title='bbox 1401 2985 1960 3088; x_wconf 80' lang='lat' dir='ltr'>Chrysostomo</span> <span class='ocrx_word' id='word_1_179' title='bbox 2021 2988 2344 3082; x_wconf 70' lang='lat' dir='ltr'>(Hamil.</span> <span class='ocrx_word' id='word_1_180' title='bbox 2396 2987 2477 3055; x_wconf 82' lang='lat' dir='ltr'>in</span> 
     </span>
     <span class='ocr_line' id='line_1_29' title="bbox 369 3081 2476 3189; baseline -0.001 -25"><span class='ocrx_word' id='word_1_181' title='bbox 369 3085 800 3164; x_wconf 78' lang='lat' dir='ltr'>Juventium</span> <span class='ocrx_word' id='word_1_182' title='bbox 823 3101 898 3159; x_wconf 82' lang='lat' dir='ltr'>et</span> <span class='ocrx_word' id='word_1_183' title='bbox 921 3091 1428 3162; x_wconf 83' lang='lat' dir='ltr'>Maximinum</span> <span class='ocrx_word' id='word_1_184' title='bbox 1449 3105 1832 3189; x_wconf 74' lang='lat' dir='ltr'>martyres</span> <span class='ocrx_word' id='word_1_185' title='bbox 1843 3144 1870 3182; x_wconf 80' lang='lat'><em>,</em></span> <span class='ocrx_word' id='word_1_186' title='bbox 1896 3112 2094 3162; x_wconf 81' lang='lat' dir='ltr'>num.</span> <span class='ocrx_word' id='word_1_187' title='bbox 2126 3114 2181 3159; x_wconf 88' lang='grc' dir='ltr'>ι.</span> <span class='ocrx_word' id='word_1_188' title='bbox 2166 3114 2281 3184; x_wconf 92' lang='grc' dir='ltr'><strong>.Ρ.</strong></span> <span class='ocrx_word' id='word_1_189' title='bbox 2302 3081 2476 3185; x_wconf 83' lang='grc'><strong>579.</strong></span> 
     </span>
     <span class='ocr_line' id='line_1_30' title="bbox 371 3187 2478 3289; baseline -0.003 -23"><span class='ocrx_word' id='word_1_190' title='bbox 371 3189 552 3272; x_wconf 83' lang='grc'><strong>580.</strong></span> <span class='ocrx_word' id='word_1_191' title='bbox 594 3192 797 3263; x_wconf 85' lang='lat' dir='ltr'>Tom.</span> <span class='ocrx_word' id='word_1_192' title='bbox 838 3193 955 3262; x_wconf 93' lang='grc' dir='ltr'>ΙΙ.</span> <span class='ocrx_word' id='word_1_193' title='bbox 976 3196 1113 3289; x_wconf 84' lang='grc' dir='ltr'><strong>ΟΡ.</strong></span> <span class='ocrx_word' id='word_1_194' title='bbox 1126 3195 1279 3266; x_wconf 84' lang='lat' dir='ltr'>Ed.</span> <span class='ocrx_word' id='word_1_195' title='bbox 1306 3191 1807 3284; x_wconf 79' lang='lat' dir='ltr'>Benedictin.)</span> <span class='ocrx_word' id='word_1_196' title='bbox 1836 3217 1884 3263; x_wconf 89' lang='lat' dir='ltr'>a</span> <span class='ocrx_word' id='word_1_197' title='bbox 1917 3187 2254 3264; x_wconf 88' lang='lat' dir='ltr'>docendi</span> <span class='ocrx_word' id='word_1_198' title='bbox 2289 3213 2478 3262; x_wconf 80' lang='lat' dir='ltr'>mu·-</span> 
     </span>
     <span class='ocr_line' id='line_1_31' title="bbox 286 3291 2479 3385; baseline -0.004 -15"><span class='ocrx_word' id='word_1_199' title='bbox 286 3323 301 3338; x_wconf 68' lang='lat'><em>„</em></span> <span class='ocrx_word' id='word_1_200' title='bbox 369 3320 566 3370; x_wconf 79' lang='lat' dir='ltr'>nere</span> <span class='ocrx_word' id='word_1_201' title='bbox 615 3291 1038 3368; x_wconf 81' lang='lat' dir='ltr'>submovit.</span> <span class='ocrx_word' id='word_1_202' title='bbox 1137 3295 1307 3368; x_wconf 82' lang='lat' dir='ltr'>Jac.</span> <span class='ocrx_word' id='word_1_203' title='bbox 1350 3294 1699 3385; x_wconf 73' lang='lat' dir='ltr'>Gothosr.</span> <span class='ocrx_word' id='word_1_204' title='bbox 1745 3306 2127 3370; x_wconf 76' lang='lat' dir='ltr'>comment.</span> <span class='ocrx_word' id='word_1_205' title='bbox 2184 3294 2295 3363; x_wconf 83' lang='lat' dir='ltr'>ad</span> <span class='ocrx_word' id='word_1_206' title='bbox 2336 3293 2387 3362; x_wconf 83' lang='lat' dir='ltr'>l.</span> <span class='ocrx_word' id='word_1_207' title='bbox 2421 3294 2479 3361; x_wconf 84' lang='lat' dir='ltr'>l.-</span> 
     </span>
     <span class='ocr_line' id='line_1_32' title="bbox 379 3391 2475 3507; baseline -0.002 -37"><span class='ocrx_word' id='word_1_208' title='bbox 379 3400 586 3473; x_wconf 79' lang='lat' dir='ltr'>Tom.</span> <span class='ocrx_word' id='word_1_209' title='bbox 620 3398 717 3496; x_wconf 87' lang='lat' dir='ltr'>V·</span> <span class='ocrx_word' id='word_1_210' title='bbox 698 3421 821 3491; x_wconf 88' lang='grc' dir='ltr'><strong>.Ρ.</strong></span> <span class='ocrx_word' id='word_1_211' title='bbox 855 3391 981 3469; x_wconf 76' lang='lat'>56.</span> <span class='ocrx_word' id='word_1_212' title='bbox 1017 3416 1126 3492; x_wconf 77' lang='lat' dir='ltr'>sq.</span> <span class='ocrx_word' id='word_1_213' title='bbox 1225 3392 1517 3472; x_wconf 87' lang='lat' dir='ltr'>Aetate</span> <span class='ocrx_word' id='word_1_214' title='bbox 1559 3394 2047 3491; x_wconf 83' lang='lat' dir='ltr'>Symmachi,</span> <span class='ocrx_word' id='word_1_215' title='bbox 2113 3391 2259 3507; x_wconf 80' lang='lat' dir='ltr'>qui</span> <span class='ocrx_word' id='word_1_216' title='bbox 2306 3392 2475 3491; x_wconf 86' lang='lat' dir='ltr'>ipse</span> 
     </span>
     <span class='ocr_line' id='line_1_33' title="bbox 314 3494 2582 3599; baseline -0.003 -26.813"><span class='ocrx_word' id='word_1_217' title='bbox 314 3496 491 3572; x_wconf 88' lang='lat' dir='ltr'>ait</span> <span class='ocrx_word' id='word_1_218' title='bbox 536 3502 604 3573; x_wconf 90' lang='grc' dir='ltr'><strong>Ι.</strong></span> <span class='ocrx_word' id='word_1_219' title='bbox 653 3523 774 3599; x_wconf 84' lang='lat'>79.</span> <span class='ocrx_word' id='word_1_220' title='bbox 792 3548 817 3590; x_wconf 85' lang='lat'>‚</span> <span class='ocrx_word' id='word_1_221' title='bbox 864 3501 1022 3569; x_wconf 87' lang='lat' dir='ltr'>hoc</span> <span class='ocrx_word' id='word_1_222' title='bbox 1064 3495 1467 3596; x_wconf 87' lang='lat' dir='ltr'>specimen</span> <span class='ocrx_word' id='word_1_223' title='bbox 1498 3523 1659 3572; x_wconf 85' lang='lat' dir='ltr'>esse</span> <span class='ocrx_word' id='word_1_224' title='bbox 1698 3495 2056 3570; x_wconf 87' lang='lat' dir='ltr'>florentis</span> <span class='ocrx_word' id='word_1_225' title='bbox 2085 3494 2479 3593; x_wconf 88' lang='lat' dir='ltr'>reipubli-</span> <span class='ocrx_word' id='word_1_226' title='bbox 2571 3534 2582 3552; x_wconf 62' lang='grc' dir='ltr'>ι</span> 
     </span>
     <span class='ocr_line' id='line_1_34' title="bbox 374 3595 2481 3714; baseline -0.002 -40"><span class='ocrx_word' id='word_1_227' title='bbox 374 3625 569 3691; x_wconf 85' lang='lat' dir='ltr'>cae,</span> <span class='ocrx_word' id='word_1_228' title='bbox 628 3621 724 3674; x_wconf 90' lang='lat' dir='ltr'>ut</span> <span class='ocrx_word' id='word_1_229' title='bbox 803 3597 1403 3698; x_wconf 85' lang='lat' dir='ltr'>disciplinarum</span> <span class='ocrx_word' id='word_1_230' title='bbox 1474 3597 2066 3714; x_wconf 55' lang='lat' dir='ltr'>professoribus</span> <span class='ocrx_word' id='word_1_231' title='bbox 2118 3595 2481 3711; x_wconf 80' lang='lat' dir='ltr'>praemia.</span> 
     </span>
     <span class='ocr_line' id='line_1_35' title="bbox 372 3687 2478 3818; baseline -0.002 -43"><span class='ocrx_word' id='word_1_232' title='bbox 372 3687 762 3818; x_wconf 80' lang='lat' dir='ltr'>opulenta</span> <span class='ocrx_word' id='word_1_233' title='bbox 787 3706 1290 3801; x_wconf 85' lang='lat' dir='ltr'>pendantur,</span> <span class='ocrx_word' id='word_1_234' title='bbox 1338 3702 1778 3776; x_wconf 87' lang='lat' dir='ltr'>Romanae</span> <span class='ocrx_word' id='word_1_235' title='bbox 1805 3696 2247 3816; x_wconf 77' lang='lat' dir='ltr'>juventutis</span> <span class='ocrx_word' id='word_1_236' title='bbox 2297 3723 2478 3773; x_wconf 88' lang='lat' dir='ltr'>ma·-</span> 
     </span>
     <span class='ocr_line' id='line_1_36' title="bbox 375 3798 2478 3908; baseline -0.002 -30"><span class='ocrx_word' id='word_1_237' title='bbox 375 3801 659 3908; x_wconf 55' lang='lat' dir='ltr'>guttis,</span> <span class='ocrx_word' id='word_1_238' title='bbox 702 3828 883 3880; x_wconf 86' lang='grc' dir='ltr'><strong><em>ιιοιι</em></strong></span> <span class='ocrx_word' id='word_1_239' title='bbox 890 3803 1159 3896; x_wconf 80' lang='lat' dir='ltr'>liquet</span> <span class='ocrx_word' id='word_1_240' title='bbox 1172 3827 1340 3906; x_wconf 85' lang='lat' dir='ltr'>qua</span> <span class='ocrx_word' id='word_1_241' title='bbox 1350 3803 1701 3906; x_wconf 82' lang='lat' dir='ltr'>ratione,</span> <span class='ocrx_word' id='word_1_242' title='bbox 1741 3801 2084 3881; x_wconf 87' lang='lat' dir='ltr'>subsidia</span> <span class='ocrx_word' id='word_1_243' title='bbox 2108 3798 2478 3880; x_wconf 83' lang='lat' dir='ltr'>solemnis</span> 
     </span>
    </p>
   </div>
  </div>
 </body>
</html>
