<?xml version="1.0" encoding="UTF-8"?>
<!DOCTYPE html PUBLIC "-//W3C//DTD XHTML 1.0 Transitional//EN"
    "http://www.w3.org/TR/xhtml1/DTD/xhtml1-transitional.dtd">
<html xmlns="http://www.w3.org/1999/xhtml" xml:lang="en" lang="en">
 <head>
  <title>
</title>
<meta http-equiv="Content-Type" content="text/html;charset=utf-8" />
  <meta name='ocr-system' content='tesseract 3.04.00' />
  <meta name='ocr-capabilities' content='ocr_page ocr_carea ocr_par ocr_line ocrx_word'/>
</head>
<body>
  <div class='ocr_page' id='page_1' title='image "./deprofessoribus00gaupgoog_0094.png"; bbox 0 0 2740 4661; ppageno 0'>
   <div class='ocr_carea' id='block_1_1' title="bbox 1270 264 1508 376">
    <p class='ocr_par' dir='ltr' id='par_1_1' title="bbox 1270 264 1508 376">
     <span class='ocr_line' id='line_1_1' title="bbox 1270 264 1508 376; baseline 0.004 -26"><span class='ocrx_word' id='word_1_1' title='bbox 1270 264 1508 376; x_wconf 36' lang='lat' dir='ltr'><strong>,ss-</strong></span> 
     </span>
    </p>
   </div>
   <div class='ocr_carea' id='block_1_2' title="bbox 316 463 2556 3078">
    <p class='ocr_par' dir='ltr' id='par_1_2' title="bbox 316 463 2556 3078">
     <span class='ocr_line' id='line_1_2' title="bbox 357 463 2464 563; baseline 0.002 -25"><span class='ocrx_word' id='word_1_2' title='bbox 357 465 892 563; x_wconf 83' lang='lat' dir='ltr'><strong>splendidissima</strong></span> <span class='ocrx_word' id='word_1_3' title='bbox 930 463 1200 537; x_wconf 82' lang='lat' dir='ltr'><strong>civitate</strong></span> <span class='ocrx_word' id='word_1_4' title='bbox 1241 484 1309 538; x_wconf 90' lang='lat' dir='ltr'><strong>et</strong></span> <span class='ocrx_word' id='word_1_5' title='bbox 1350 474 1426 538; x_wconf 89' lang='lat' dir='ltr'><strong>in·</strong></span> <span class='ocrx_word' id='word_1_6' title='bbox 1460 470 2028 553; x_wconf 65' lang='lat' dir='ltr'><strong>Caesariensium;</strong></span> <span class='ocrx_word' id='word_1_7' title='bbox 2087 483 2154 541; x_wconf 89' lang='lat' dir='ltr'><strong>et</strong></span> <span class='ocrx_word' id='word_1_8' title='bbox 2194 475 2264 540; x_wconf 81' lang='lat' dir='ltr'><strong>in</strong></span> <span class='ocrx_word' id='word_1_9' title='bbox 2315 473 2464 542; x_wconf 77' lang='lat' dir='ltr'><strong>aliis</strong></span> 
     </span>
     <span class='ocr_line' id='line_1_3' title="bbox 356 552 2462 641; baseline 0 -18"><span class='ocrx_word' id='word_1_10' title='bbox 356 556 785 641; x_wconf 89' lang='lat' dir='ltr'><strong>(nominatim</strong></span> <span class='ocrx_word' id='word_1_11' title='bbox 833 552 1156 634; x_wconf 81' lang='lat' dir='ltr'><strong>Athenis,</strong></span> <span class='ocrx_word' id='word_1_12' title='bbox 1196 556 1449 623; x_wconf 85' lang='lat' dir='ltr'><strong>Biener</strong></span> <span class='ocrx_word' id='word_1_13' title='bbox 1484 556 1895 624; x_wconf 69' lang='lat' dir='ltr'><strong>Geschicltte</strong></span> <span class='ocrx_word' id='word_1_14' title='bbox 1933 559 2057 625; x_wconf 83' lang='lat' dir='ltr'><strong>der</strong></span> <span class='ocrx_word' id='word_1_15' title='bbox 2095 557 2462 625; x_wconf 78' lang='lat' dir='ltr'><strong>Novellon.</strong></span> 
     </span>
     <span class='ocr_line' id='line_1_4' title="bbox 352 640 2467 730; baseline -0 -20"><span class='ocrx_word' id='word_1_16' title='bbox 352 642 662 729; x_wconf 77' lang='lat' dir='ltr'><em>Anhang</em></span> <span class='ocrx_word' id='word_1_17' title='bbox 695 662 764 730; x_wconf 83' lang='lat' dir='ltr'><strong>p.</strong></span> <span class='ocrx_word' id='word_1_18' title='bbox 790 640 931 706; x_wconf 86' lang='lat'><strong>581.</strong></span> <span class='ocrx_word' id='word_1_19' title='bbox 966 643 1100 726; x_wconf 82' lang='lat' dir='ltr'><strong>sq.)</strong></span> <span class='ocrx_word' id='word_1_20' title='bbox 1139 641 1463 726; x_wconf 81' lang='lat' dir='ltr'><strong>quosdam</strong></span> <span class='ocrx_word' id='word_1_21' title='bbox 1504 642 1852 730; x_wconf 89' lang='lat' dir='ltr'><strong>imperitos</strong></span> <span class='ocrx_word' id='word_1_22' title='bbox 1899 641 2206 707; x_wconf 91' lang='lat' dir='ltr'><strong>homines</strong></span> <span class='ocrx_word' id='word_1_23' title='bbox 2247 644 2467 711; x_wconf 85' lang='lat' dir='ltr'><strong>deva·-</strong></span> 
     </span>
     <span class='ocr_line' id='line_1_5' title="bbox 351 723 2464 814; baseline 0 -23"><span class='ocrx_word' id='word_1_24' title='bbox 351 741 513 813; x_wconf 85' lang='lat' dir='ltr'><strong>gare</strong></span> <span class='ocrx_word' id='word_1_25' title='bbox 552 737 619 790; x_wconf 85' lang='lat' dir='ltr'><strong>et</strong></span> <span class='ocrx_word' id='word_1_26' title='bbox 653 724 1023 788; x_wconf 80' lang='lat' dir='ltr'>doctrinam</span> <span class='ocrx_word' id='word_1_27' title='bbox 1066 723 1407 812; x_wconf 75' lang='lat' dir='ltr'><strong>discipulis</strong></span> <span class='ocrx_word' id='word_1_28' title='bbox 1459 724 1902 791; x_wconf 80' lang='lat' dir='ltr'>adulterinam</span> <span class='ocrx_word' id='word_1_29' title='bbox 1949 726 2215 791; x_wconf 89' lang='lat' dir='ltr'><strong>tradere</strong></span> <span class='ocrx_word' id='word_1_30' title='bbox 2229 750 2251 806; x_wconf 86' lang='lat'>3</span> <span class='ocrx_word' id='word_1_31' title='bbox 2294 749 2464 814; x_wconf 85' lang='lat' dir='ltr'><strong>quos</strong></span> 
     </span>
     <span class='ocr_line' id='line_1_6' title="bbox 348 807 2492 898; baseline 0 -22"><span class='ocrx_word' id='word_1_32' title='bbox 348 812 471 876; x_wconf 89' lang='lat' dir='ltr'><strong>sub</strong></span> <span class='ocrx_word' id='word_1_33' title='bbox 507 808 634 874; x_wconf 85' lang='lat' dir='ltr'><strong>hac</strong></span> <span class='ocrx_word' id='word_1_34' title='bbox 670 807 1208 879; x_wconf 71' lang='lat' dir='ltr'><strong>interminatione</strong></span> <span class='ocrx_word' id='word_1_35' title='bbox 1255 810 1338 874; x_wconf 90' lang='lat' dir='ltr'><strong>ab</strong></span> <span class='ocrx_word' id='word_1_36' title='bbox 1378 808 1506 873; x_wconf 87' lang='lat' dir='ltr'><strong>hoc</strong></span> <span class='ocrx_word' id='word_1_37' title='bbox 1532 809 1881 874; x_wconf 87' lang='lat' dir='ltr'><strong>conamine</strong></span> <span class='ocrx_word' id='word_1_38' title='bbox 1908 811 2337 898; x_wconf 71' lang='lat' dir='ltr'><strong>repellimus„</strong></span> <span class='ocrx_word' id='word_1_39' title='bbox 2383 823 2492 877; x_wconf 79' lang='lat' dir='ltr'><strong>ut·</strong></span> 
     </span>
     <span class='ocr_line' id='line_1_7' title="bbox 348 892 2463 979; baseline 0 -19"><span class='ocrx_word' id='word_1_40' title='bbox 348 897 408 960; x_wconf 92' lang='lat' dir='ltr'><strong>si</strong></span> <span class='ocrx_word' id='word_1_41' title='bbox 433 894 575 962; x_wconf 89' lang='lat' dir='ltr'><strong>ausi</strong></span> <span class='ocrx_word' id='word_1_42' title='bbox 602 893 850 956; x_wconf 84' lang='lat' dir='ltr'><strong>suerint</strong></span> <span class='ocrx_word' id='word_1_43' title='bbox 880 892 946 965; x_wconf 82' lang='lat' dir='ltr'><strong>in</strong></span> <span class='ocrx_word' id='word_1_44' title='bbox 976 902 1316 978; x_wconf 81' lang='lat' dir='ltr'><strong>posterum</strong></span> <span class='ocrx_word' id='word_1_45' title='bbox 1343 893 1415 957; x_wconf 90' lang='lat' dir='ltr'><strong>in</strong></span> <span class='ocrx_word' id='word_1_46' title='bbox 1446 893 1575 959; x_wconf 87' lang='lat' dir='ltr'><strong>hoc</strong></span> <span class='ocrx_word' id='word_1_47' title='bbox 1609 905 1997 979; x_wconf 86' lang='lat' dir='ltr'><strong>perpetrare</strong></span> <span class='ocrx_word' id='word_1_48' title='bbox 2029 906 2096 958; x_wconf 91' lang='lat' dir='ltr'><strong>et</strong></span> <span class='ocrx_word' id='word_1_49' title='bbox 2121 906 2311 959; x_wconf 81' lang='lat' dir='ltr'><strong>extra</strong></span> <span class='ocrx_word' id='word_1_50' title='bbox 2336 917 2463 961; x_wconf 79' lang='lat' dir='ltr'><strong>ur·-</strong></span> 
     </span>
     <span class='ocr_line' id='line_1_8' title="bbox 350 975 2460 1063; baseline -0.001 -18"><span class='ocrx_word' id='word_1_51' title='bbox 350 980 467 1045; x_wconf 87' lang='lat' dir='ltr'><strong>bes</strong></span> <span class='ocrx_word' id='word_1_52' title='bbox 495 978 712 1061; x_wconf 86' lang='lat' dir='ltr'><strong>regias</strong></span> <span class='ocrx_word' id='word_1_53' title='bbox 749 986 815 1039; x_wconf 90' lang='lat' dir='ltr'><strong>et</strong></span> <span class='ocrx_word' id='word_1_54' title='bbox 858 975 1343 1062; x_wconf 68' lang='lat' dir='ltr'><strong>Berytiensium</strong></span> <span class='ocrx_word' id='word_1_55' title='bbox 1393 979 1820 1063; x_wconf 88' lang='lat' dir='ltr'><strong>metropolim</strong></span> <span class='ocrx_word' id='word_1_56' title='bbox 1859 975 1989 1042; x_wconf 87' lang='lat' dir='ltr'><strong>hoc</strong></span> <span class='ocrx_word' id='word_1_57' title='bbox 2030 976 2286 1055; x_wconf 85' lang='lat' dir='ltr'><strong>facere,</strong></span> <span class='ocrx_word' id='word_1_58' title='bbox 2332 977 2460 1043; x_wconf 86' lang='lat' dir='ltr'><strong>de·-</strong></span> 
     </span>
     <span class='ocr_line' id='line_1_9' title="bbox 345 1061 2454 1148; baseline -0 -19"><span class='ocrx_word' id='word_1_59' title='bbox 345 1084 589 1129; x_wconf 90' lang='lat' dir='ltr'><strong>narum</strong></span> <span class='ocrx_word' id='word_1_60' title='bbox 634 1062 953 1125; x_wconf 87' lang='lat' dir='ltr'><strong>librarum</strong></span> <span class='ocrx_word' id='word_1_61' title='bbox 1000 1061 1146 1129; x_wconf 73' lang='lat' dir='ltr'><strong>auri</strong></span> <span class='ocrx_word' id='word_1_62' title='bbox 1231 1083 1398 1131; x_wconf 82' lang='lat' dir='ltr'><strong>oena</strong></span> <span class='ocrx_word' id='word_1_63' title='bbox 1444 1062 1824 1148; x_wconf 75' lang='lat' dir='ltr'><strong>plectantur</strong></span> <span class='ocrx_word' id='word_1_64' title='bbox 1856 1073 1921 1126; x_wconf 88' lang='lat' dir='ltr'><strong>et</strong></span> <span class='ocrx_word' id='word_1_65' title='bbox 1956 1061 2344 1144; x_wconf 81' lang='lat' dir='ltr'><strong>rejiciantur</strong></span> <span class='ocrx_word' id='word_1_66' title='bbox 2371 1062 2454 1128; x_wconf 90' lang='lat' dir='ltr'><strong>ab</strong></span> 
     </span>
     <span class='ocr_line' id='line_1_10' title="bbox 346 1144 2458 1231; baseline -0.001 -18"><span class='ocrx_word' id='word_1_67' title='bbox 346 1168 424 1214; x_wconf 85' lang='lat' dir='ltr'><strong>ea</strong></span> <span class='ocrx_word' id='word_1_68' title='bbox 454 1144 744 1221; x_wconf 87' lang='lat' dir='ltr'><strong>civitate,</strong></span> <span class='ocrx_word' id='word_1_69' title='bbox 772 1145 845 1207; x_wconf 50' lang='lat' dir='ltr'><strong>in*</strong></span> <span class='ocrx_word' id='word_1_70' title='bbox 873 1162 1001 1231; x_wconf 86' lang='lat' dir='ltr'><strong>qua</strong></span> <span class='ocrx_word' id='word_1_71' title='bbox 1032 1158 1165 1218; x_wconf 70' lang='lat' dir='ltr'><strong>nun</strong></span> <span class='ocrx_word' id='word_1_72' title='bbox 1221 1165 1370 1229; x_wconf 87' lang='lat' dir='ltr'><strong>eges</strong></span> <span class='ocrx_word' id='word_1_73' title='bbox 1396 1144 1654 1219; x_wconf 87' lang='lat' dir='ltr'><strong>docent,</strong></span> <span class='ocrx_word' id='word_1_74' title='bbox 1675 1146 1789 1210; x_wconf 88' lang='lat' dir='ltr'><strong>sed</strong></span> <span class='ocrx_word' id='word_1_75' title='bbox 1826 1145 1895 1209; x_wconf 91' lang='lat' dir='ltr'><strong>in</strong></span> <span class='ocrx_word' id='word_1_76' title='bbox 1926 1147 2104 1231; x_wconf 83' lang='lat' dir='ltr'><strong>leges</strong></span> <span class='ocrx_word' id='word_1_77' title='bbox 2136 1146 2458 1210; x_wconf 87' lang='lat' dir='ltr'><strong>commit-</strong></span> 
     </span>
     <span class='ocr_line' id='line_1_11' title="bbox 344 1226 2494 1304; baseline -0.001 -8"><span class='ocrx_word' id='word_1_78' title='bbox 344 1238 567 1304; x_wconf 82' lang='lat' dir='ltr'><strong>tunt‚“</strong></span> <span class='ocrx_word' id='word_1_79' title='bbox 653 1228 783 1294; x_wconf 79' lang='lat' dir='ltr'><strong>Sed</strong></span> <span class='ocrx_word' id='word_1_80' title='bbox 816 1226 974 1292; x_wconf 87' lang='lat' dir='ltr'><strong>huic</strong></span> <span class='ocrx_word' id='word_1_81' title='bbox 1020 1228 1374 1294; x_wconf 87' lang='lat' dir='ltr'><strong>Justiniani</strong></span> <span class='ocrx_word' id='word_1_82' title='bbox 1402 1228 1757 1295; x_wconf 75' lang='lat' dir='ltr'><strong>interdicto</strong></span> <span class='ocrx_word' id='word_1_83' title='bbox 1789 1242 1969 1295; x_wconf 86' lang='lat' dir='ltr'><strong>certe</strong></span> <span class='ocrx_word' id='word_1_84' title='bbox 1998 1230 2459 1295; x_wconf 83' lang='lat' dir='ltr'><strong>Alexandriae</strong></span> <span class='ocrx_word' id='word_1_85' title='bbox 2491 1254 2494 1257; x_wconf 65' lang='grc'>’</span> 
     </span>
     <span class='ocr_line' id='line_1_12' title="bbox 346 1312 2456 1401; baseline -0.001 -20"><span class='ocrx_word' id='word_1_86' title='bbox 346 1316 528 1381; x_wconf 87' lang='lat' dir='ltr'><strong>male</strong></span> <span class='ocrx_word' id='word_1_87' title='bbox 555 1314 1089 1400; x_wconf 86' lang='lat' dir='ltr'><strong>obtemperatum</strong></span> <span class='ocrx_word' id='word_1_88' title='bbox 1124 1323 1244 1391; x_wconf 89' lang='lat' dir='ltr'><strong>est,</strong></span> <span class='ocrx_word' id='word_1_89' title='bbox 1290 1312 1390 1376; x_wconf 85' lang='lat' dir='ltr'><strong>uti</strong></span> <span class='ocrx_word' id='word_1_90' title='bbox 1419 1336 1507 1378; x_wconf 84' lang='lat' dir='ltr'><strong>ex</strong></span> <span class='ocrx_word' id='word_1_91' title='bbox 1539 1337 1618 1379; x_wconf 92' lang='lat' dir='ltr'><strong>eo</strong></span> <span class='ocrx_word' id='word_1_92' title='bbox 1645 1324 1941 1401; x_wconf 85' lang='lat' dir='ltr'><strong>apparet,</strong></span> <span class='ocrx_word' id='word_1_93' title='bbox 1982 1315 2153 1399; x_wconf 89' lang='lat' dir='ltr'><strong>quod</strong></span> <span class='ocrx_word' id='word_1_94' title='bbox 2184 1313 2456 1378; x_wconf 82' lang='lat' dir='ltr'><strong>circiter</strong></span> 
     </span>
     <span class='ocr_line' id='line_1_13' title="bbox 347 1394 2457 1485; baseline -0.001 -20"><span class='ocrx_word' id='word_1_95' title='bbox 347 1399 590 1485; x_wconf 87' lang='lat' dir='ltr'><strong>viginti</strong></span> <span class='ocrx_word' id='word_1_96' title='bbox 626 1399 819 1461; x_wconf 90' lang='lat' dir='ltr'><strong>annis</strong></span> <span class='ocrx_word' id='word_1_97' title='bbox 848 1408 997 1483; x_wconf 88' lang='lat' dir='ltr'><strong>post</strong></span> <span class='ocrx_word' id='word_1_98' title='bbox 1023 1415 1220 1483; x_wconf 84' lang='lat' dir='ltr'><strong>quam</strong></span> <span class='ocrx_word' id='word_1_99' title='bbox 1254 1394 1510 1462; x_wconf 79' lang='lat' dir='ltr'><strong>factum</strong></span> <span class='ocrx_word' id='word_1_100' title='bbox 1548 1408 1679 1477; x_wconf 87' lang='lat' dir='ltr'><strong>est,</strong></span> <span class='ocrx_word' id='word_1_101' title='bbox 1722 1396 2052 1481; x_wconf 83' lang='lat' dir='ltr'><strong>&#39;Agathias</strong></span> <span class='ocrx_word' id='word_1_102' title='bbox 2101 1397 2457 1462; x_wconf 85' lang='lat' dir='ltr'><strong>continua-</strong></span> 
     </span>
     <span class='ocr_line' id='line_1_14' title="bbox 341 1476 2452 1571; baseline -0.002 -22"><span class='ocrx_word' id='word_1_103' title='bbox 341 1495 452 1549; x_wconf 87' lang='lat' dir='ltr'><strong>tor</strong></span> <span class='ocrx_word' id='word_1_104' title='bbox 485 1476 795 1569; x_wconf 84' lang='lat' dir='ltr'><strong>Procopii</strong></span> <span class='ocrx_word' id='word_1_105' title='bbox 827 1479 1060 1544; x_wconf 89' lang='lat' dir='ltr'><strong>studiis</strong></span> <span class='ocrx_word' id='word_1_106' title='bbox 1092 1480 1256 1556; x_wconf 86' lang='lat' dir='ltr'><strong>iuris</strong></span> <span class='ocrx_word' id='word_1_107' title='bbox 1281 1480 1498 1545; x_wconf 88' lang='lat' dir='ltr'><strong>civilis</strong></span> <span class='ocrx_word' id='word_1_108' title='bbox 1532 1481 1626 1546; x_wconf 90' lang='lat' dir='ltr'><strong>ibi</strong></span> <span class='ocrx_word' id='word_1_109' title='bbox 1658 1503 1933 1564; x_wconf 86' lang='lat' dir='ltr'><strong>operam</strong></span> <span class='ocrx_word' id='word_1_110' title='bbox 1963 1480 2166 1545; x_wconf 88' lang='lat' dir='ltr'><strong>dedit.</strong></span> <span class='ocrx_word' id='word_1_111' title='bbox 2191 1481 2452 1571; x_wconf 72' lang='lat' dir='ltr'><strong>Agath.</strong></span> 
     </span>
     <span class='ocr_line' id='line_1_15' title="bbox 341 1561 2454 1654; baseline -0.002 -21"><span class='ocrx_word' id='word_1_112' title='bbox 341 1568 428 1634; x_wconf 77' lang='lat' dir='ltr'><strong>de</strong></span> <span class='ocrx_word' id='word_1_113' title='bbox 476 1567 677 1635; x_wconf 80' lang='lat' dir='ltr'><strong>rebus</strong></span> <span class='ocrx_word' id='word_1_114' title='bbox 717 1566 964 1630; x_wconf 72' lang='lat' dir='ltr'><strong>lustin.</strong></span> <span class='ocrx_word' id='word_1_115' title='bbox 1009 1564 1169 1634; x_wconf 82' lang='lat' dir='ltr'><strong>Lib.</strong></span> <span class='ocrx_word' id='word_1_116' title='bbox 1208 1564 1313 1630; x_wconf 89' lang='lat' dir='ltr'><strong>II.</strong></span> <span class='ocrx_word' id='word_1_117' title='bbox 1347 1567 1573 1654; x_wconf 72' lang='lat' dir='ltr'><strong>p.·51.</strong></span> <span class='ocrx_word' id='word_1_118' title='bbox 1613 1565 1773 1631; x_wconf 77' lang='lat' dir='ltr'><strong>edit.</strong></span> <span class='ocrx_word' id='word_1_119' title='bbox 1816 1561 2043 1632; x_wconf 80' lang='lat' dir='ltr'><strong>Paris.</strong></span> <span class='ocrx_word' id='word_1_120' title='bbox 2091 1563 2454 1630; x_wconf 75' lang='lat' dir='ltr'><strong>Heineccii</strong></span> 
     </span>
     <span class='ocr_line' id='line_1_16' title="bbox 338 1649 2451 1741; baseline -0.003 -24"><span class='ocrx_word' id='word_1_121' title='bbox 338 1652 653 1741; x_wconf 76' lang='lat' dir='ltr'><strong>hist-jur.</strong></span> <span class='ocrx_word' id='word_1_122' title='bbox 689 1652 749 1733; x_wconf 78' lang='lat'><strong>§&#39;.</strong></span> <span class='ocrx_word' id='word_1_123' title='bbox 782 1651 927 1737; x_wconf 71' lang='lat'><strong>560.</strong></span> <span class='ocrx_word' id='word_1_124' title='bbox 1019 1650 1370 1723; x_wconf 85' lang='lat' dir='ltr'><strong>Praeterea</strong></span> <span class='ocrx_word' id='word_1_125' title='bbox 1396 1649 1555 1713; x_wconf 86' lang='lat' dir='ltr'><strong>satis</strong></span> <span class='ocrx_word' id='word_1_126' title='bbox 1596 1659 1884 1723; x_wconf 89' lang='lat' dir='ltr'><strong>constat,</strong></span> <span class='ocrx_word' id='word_1_127' title='bbox 1927 1660 2233 1735; x_wconf 81' lang='lat' dir='ltr'><strong>tempore</strong></span> <span class='ocrx_word' id='word_1_128' title='bbox 2279 1662 2451 1712; x_wconf 86' lang='lat' dir='ltr'><strong>con-</strong></span> 
     </span>
     <span class='ocr_line' id='line_1_17' title="bbox 335 1733 2449 1809; baseline -0.002 -7"><span class='ocrx_word' id='word_1_129' title='bbox 335 1734 699 1801; x_wconf 87' lang='lat' dir='ltr'><strong>stitutionis</strong></span> <span class='ocrx_word' id='word_1_130' title='bbox 718 1733 898 1797; x_wconf 87' lang='lat' dir='ltr'><strong>illius</strong></span> <span class='ocrx_word' id='word_1_131' title='bbox 914 1733 1289 1809; x_wconf 85' lang='lat' dir='ltr'><strong>&#39;Justiniani‚</strong></span> <span class='ocrx_word' id='word_1_132' title='bbox 1334 1753 1509 1796; x_wconf 91' lang='lat' dir='ltr'><strong>anno</strong></span> <span class='ocrx_word' id='word_1_133' title='bbox 1534 1734 1785 1799; x_wconf 76' lang='lat' dir='ltr'><strong>scilicet</strong></span> <span class='ocrx_word' id='word_1_134' title='bbox 1807 1735 1952 1807; x_wconf 78' lang='lat'><strong><em>555,</em></strong></span> <span class='ocrx_word' id='word_1_135' title='bbox 1999 1734 2289 1805; x_wconf 88' lang='lat' dir='ltr'><strong>Romam</strong></span> <span class='ocrx_word' id='word_1_136' title='bbox 2304 1733 2449 1797; x_wconf 86' lang='lat' dir='ltr'><strong>Ita-</strong></span> 
     </span>
     <span class='ocr_line' id='line_1_18' title="bbox 328 1814 2446 1898; baseline -0.003 -12"><span class='ocrx_word' id='word_1_137' title='bbox 328 1821 495 1887; x_wconf 85' lang='lat' dir='ltr'><strong>liam</strong></span> <span class='ocrx_word' id='word_1_138' title='bbox 546 1840 630 1882; x_wconf 88' lang='lat' dir='ltr'><strong>ue</strong></span> <span class='ocrx_word' id='word_1_139' title='bbox 647 1817 764 1881; x_wconf 83' lang='lat' dir='ltr'><strong>sub</strong></span> <span class='ocrx_word' id='word_1_140' title='bbox 784 1814 1604 1898; x_wconf 86' lang='lat' dir='ltr'><strong>ditioneOstrogothorum</strong></span> <span class='ocrx_word' id='word_1_141' title='bbox 1633 1815 1848 1882; x_wconf 83' lang='lat' dir='ltr'><strong>adhuc</strong></span> <span class='ocrx_word' id='word_1_142' title='bbox 1872 1815 2117 1893; x_wconf 81' lang='lat' dir='ltr'><strong>fuisse3</strong></span> <span class='ocrx_word' id='word_1_143' title='bbox 2162 1815 2275 1881; x_wconf 85' lang='lat' dir='ltr'><strong>sed</strong></span> <span class='ocrx_word' id='word_1_144' title='bbox 2340 1825 2446 1879; x_wconf 78' lang='lat' dir='ltr'><strong>ost</strong></span> 
     </span>
     <span class='ocr_line' id='line_1_19' title="bbox 336 1832 2450 1986; baseline -0.004 -17"><span class='ocrx_word' id='word_1_145' title='bbox 336 1904 488 1971; x_wconf 81' lang='lat' dir='ltr'><strong>exci</strong></span> <span class='ocrx_word' id='word_1_146' title='bbox 538 1904 678 1967; x_wconf 90' lang='lat' dir='ltr'><strong>ium</strong></span> <span class='ocrx_word' id='word_1_147' title='bbox 715 1900 920 1963; x_wconf 86' lang='lat' dir='ltr'><strong>etiam</strong></span> <span class='ocrx_word' id='word_1_148' title='bbox 953 1898 1139 1983; x_wconf 79' lang='lat' dir='ltr'><strong>regni</strong></span> <span class='ocrx_word' id='word_1_149' title='bbox 1167 1898 1624 1983; x_wconf 81' lang='lat' dir='ltr'><strong>Ostrogothici</strong></span> <span class='ocrx_word' id='word_1_150' title='bbox 1671 1902 1896 1982; x_wconf 81' lang='lat' dir='ltr'><strong>legum</strong></span> <span class='ocrx_word' id='word_1_151' title='bbox 1936 1832 2450 1986; x_wconf 61' lang='lat' dir='ltr'><strong>professoribus,</strong></span> 
     </span>
     <span class='ocr_line' id='line_1_20' title="bbox 335 1980 2452 2075; baseline -0.002 -22"><span class='ocrx_word' id='word_1_152' title='bbox 335 1990 449 2075; x_wconf 83' lang='lat' dir='ltr'><strong>&#39;qui</strong></span> <span class='ocrx_word' id='word_1_153' title='bbox 481 1987 741 2053; x_wconf 87' lang='lat' dir='ltr'><strong>Romae</strong></span> <span class='ocrx_word' id='word_1_154' title='bbox 775 1982 1133 2060; x_wconf 86' lang='lat' dir='ltr'><strong>docebant,</strong></span> <span class='ocrx_word' id='word_1_155' title='bbox 1178 1993 1406 2047; x_wconf 87' lang='lat' dir='ltr'><strong>vetera</strong></span> <span class='ocrx_word' id='word_1_156' title='bbox 1446 1982 1795 2070; x_wconf 85' lang='lat' dir='ltr'><strong>privilegia</strong></span> <span class='ocrx_word' id='word_1_157' title='bbox 1830 2005 1867 2047; x_wconf 87' lang='lat' dir='ltr'><strong>a</strong></span> <span class='ocrx_word' id='word_1_158' title='bbox 1899 1980 2272 2048; x_wconf 86' lang='lat' dir='ltr'><strong>Justiniano</strong></span> <span class='ocrx_word' id='word_1_159' title='bbox 2311 2004 2452 2048; x_wconf 86' lang='lat' dir='ltr'><strong>non</strong></span> 
     </span>
     <span class='ocr_line' id='line_1_21' title="bbox 332 2066 2452 2154; baseline -0.003 -16"><span class='ocrx_word' id='word_1_160' title='bbox 332 2073 599 2139; x_wconf 84' lang='lat' dir='ltr'><strong>ademta</strong></span> <span class='ocrx_word' id='word_1_161' title='bbox 645 2091 819 2146; x_wconf 88' lang='lat' dir='ltr'><strong>esse,</strong></span> <span class='ocrx_word' id='word_1_162' title='bbox 889 2070 1298 2154; x_wconf 72' lang='lat' dir='ltr'><strong>pragmatica</strong></span> <span class='ocrx_word' id='word_1_163' title='bbox 1326 2067 1442 2132; x_wconf 90' lang='lat' dir='ltr'><strong>illa</strong></span> <span class='ocrx_word' id='word_1_164' title='bbox 1488 2067 1912 2149; x_wconf 83' lang='lat' dir='ltr'><strong>sanctiojam</strong></span> <span class='ocrx_word' id='word_1_165' title='bbox 1946 2090 2149 2154; x_wconf 88' lang='lat' dir='ltr'><strong>supra</strong></span> <span class='ocrx_word' id='word_1_166' title='bbox 2178 2066 2452 2132; x_wconf 87' lang='lat' dir='ltr'><strong>laudata</strong></span> 
     </span>
     <span class='ocr_line' id='line_1_22' title="bbox 326 2144 2442 2236; baseline -0.004 -13"><span class='ocrx_word' id='word_1_167' title='bbox 326 2158 487 2223; x_wconf 86' lang='lat' dir='ltr'><strong>satis</strong></span> <span class='ocrx_word' id='word_1_168' title='bbox 510 2155 947 2221; x_wconf 82' lang='lat' dir='ltr'><strong>demonstrat.</strong></span> <span class='ocrx_word' id='word_1_169' title='bbox 1021 2144 1122 2215; x_wconf 89' lang='lat' dir='ltr'><strong>De</strong></span> <span class='ocrx_word' id='word_1_170' title='bbox 1146 2149 1758 2236; x_wconf 82' lang='lat' dir='ltr'><strong>numerolegitimo</strong></span> <span class='ocrx_word' id='word_1_171' title='bbox 1780 2163 2290 2229; x_wconf 89' lang='lat' dir='ltr'><strong>antecessorum,</strong></span> <span class='ocrx_word' id='word_1_172' title='bbox 2322 2149 2442 2235; x_wconf 81' lang='lat' dir='ltr'><strong>qui</strong></span> 
     </span>
     <span class='ocr_line' id='line_1_23' title="bbox 329 2233 2455 2326; baseline -0.005 -18"><span class='ocrx_word' id='word_1_173' title='bbox 329 2242 404 2308; x_wconf 85' lang='lat' dir='ltr'><strong>in</strong></span> <span class='ocrx_word' id='word_1_174' title='bbox 445 2242 859 2326; x_wconf 72' lang='lat' dir='ltr'><strong>unaquaque</strong></span> <span class='ocrx_word' id='word_1_175' title='bbox 883 2236 1088 2301; x_wconf 83' lang='lat' dir='ltr'><strong>trium</strong></span> <span class='ocrx_word' id='word_1_176' title='bbox 1136 2236 1408 2300; x_wconf 87' lang='lat' dir='ltr'><strong>illarum</strong></span> <span class='ocrx_word' id='word_1_177' title='bbox 1446 2236 1796 2300; x_wconf 79' lang='lat' dir='ltr'><strong>civitatum</strong></span> <span class='ocrx_word' id='word_1_178' title='bbox 1837 2246 2051 2301; x_wconf 76' lang='lat' dir='ltr'><strong>aetate</strong></span> <span class='ocrx_word' id='word_1_179' title='bbox 2083 2233 2455 2301; x_wconf 68' lang='lat' dir='ltr'><strong>,Iustiniani</strong></span> 
     </span>
     <span class='ocr_line' id='line_1_24' title="bbox 325 2317 2450 2412; baseline -0.004 -19"><span class='ocrx_word' id='word_1_180' title='bbox 325 2326 429 2412; x_wconf 80' lang='lat' dir='ltr'><strong>jus</strong></span> <span class='ocrx_word' id='word_1_181' title='bbox 458 2324 656 2393; x_wconf 87' lang='lat' dir='ltr'><strong>civile</strong></span> <span class='ocrx_word' id='word_1_182' title='bbox 676 2319 1068 2391; x_wconf 79' lang='lat' dir='ltr'><strong>docuerint,</strong></span> <span class='ocrx_word' id='word_1_183' title='bbox 1112 2319 1472 2403; x_wconf 82' lang='lat' dir='ltr'><strong>dubitatur.</strong></span> <span class='ocrx_word' id='word_1_184' title='bbox 1564 2319 1881 2387; x_wconf 86' lang='lat' dir='ltr'><strong>Vidimus</strong></span> <span class='ocrx_word' id='word_1_185' title='bbox 1925 2341 2163 2405; x_wconf 87' lang='lat' dir='ltr'><strong>supra,</strong></span> <span class='ocrx_word' id='word_1_186' title='bbox 2208 2317 2450 2385; x_wconf 88' lang='lat' dir='ltr'><strong>Theo-</strong></span> 
     </span>
     <span class='ocr_line' id='line_1_25' title="bbox 326 2403 2450 2491; baseline -0.005 -14"><span class='ocrx_word' id='word_1_187' title='bbox 326 2407 714 2478; x_wconf 59' lang='lat' dir='ltr'><strong>dosiumlh</strong></span> <span class='ocrx_word' id='word_1_188' title='bbox 746 2406 980 2472; x_wconf 87' lang='lat' dir='ltr'><strong>ceteris</strong></span> <span class='ocrx_word' id='word_1_189' title='bbox 1011 2403 1500 2491; x_wconf 75' lang='lat' dir='ltr'><strong>professoribus</strong></span> <span class='ocrx_word' id='word_1_190' title='bbox 1529 2403 1939 2469; x_wconf 86' lang='lat' dir='ltr'><strong>Academiae</strong></span> <span class='ocrx_word' id='word_1_191' title='bbox 1964 2404 2450 2468; x_wconf 87' lang='lat' dir='ltr'><strong>Constantino-</strong></span> 
     </span>
     <span class='ocr_line' id='line_1_26' title="bbox 323 2485 2555 2587; baseline -0.004 -27"><span class='ocrx_word' id='word_1_192' title='bbox 323 2491 662 2587; x_wconf 78' lang='lat' dir='ltr'><strong>politanae</strong></span> <span class='ocrx_word' id='word_1_193' title='bbox 706 2489 908 2567; x_wconf 91' lang='lat' dir='ltr'><strong>duos,</strong></span> <span class='ocrx_word' id='word_1_194' title='bbox 978 2487 1360 2573; x_wconf 71' lang='lat' dir='ltr'><strong>„qui-juris</strong></span> <span class='ocrx_word' id='word_1_195' title='bbox 1406 2509 1486 2552; x_wconf 84' lang='lat' dir='ltr'><strong>ac</strong></span> <span class='ocrx_word' id='word_1_196' title='bbox 1539 2489 1763 2571; x_wconf 89' lang='lat' dir='ltr'><strong>legum</strong></span> <span class='ocrx_word' id='word_1_197' title='bbox 1805 2485 2136 2553; x_wconf 85' lang='lat' dir='ltr'><strong>formulas</strong></span> <span class='ocrx_word' id='word_1_198' title='bbox 2184 2486 2450 2575; x_wconf 82' lang='lat' dir='ltr'><strong>pande-</strong></span> <span class='ocrx_word' id='word_1_199' title='bbox 2549 2502 2555 2510; x_wconf 89' lang='grc'><strong>’</strong></span> 
     </span>
     <span class='ocr_line' id='line_1_27' title="bbox 318 2569 2446 2658; baseline -0.006 -11"><span class='ocrx_word' id='word_1_200' title='bbox 318 2584 559 2658; x_wconf 67' lang='grc' dir='ltr'><strong>ιἐειιῐ,“</strong></span> <span class='ocrx_word' id='word_1_201' title='bbox 615 2574 1030 2658; x_wconf 80' lang='lat' dir='ltr'><strong>adjunxisse3</strong></span> <span class='ocrx_word' id='word_1_202' title='bbox 1089 2571 1242 2640; x_wconf 78' lang='lat' dir='ltr'><strong>licet</strong></span> <span class='ocrx_word' id='word_1_203' title='bbox 1280 2582 1505 2637; x_wconf 88' lang='lat' dir='ltr'><strong>autem</strong></span> <span class='ocrx_word' id='word_1_204' title='bbox 1540 2570 1667 2635; x_wconf 93' lang='lat' dir='ltr'><strong>hoc</strong></span> <span class='ocrx_word' id='word_1_205' title='bbox 1703 2569 2250 2637; x_wconf 83' lang='lat' dir='ltr'><strong>Theodosianum</strong></span> <span class='ocrx_word' id='word_1_206' title='bbox 2292 2569 2446 2636; x_wconf 88' lang='lat' dir='ltr'><strong>edi-</strong></span> 
     </span>
     <span class='ocr_line' id='line_1_28' title="bbox 321 2652 2445 2741; baseline -0.006 -11"><span class='ocrx_word' id='word_1_207' title='bbox 321 2661 505 2734; x_wconf 62' lang='lat' dir='ltr'><strong>cltum</strong></span> <span class='ocrx_word' id='word_1_208' title='bbox 534 2662 605 2726; x_wconf 91' lang='lat' dir='ltr'><strong>in</strong></span> <span class='ocrx_word' id='word_1_209' title='bbox 637 2659 1129 2724; x_wconf 87' lang='lat' dir='ltr'><strong>Justinianeum</strong></span> <span class='ocrx_word' id='word_1_210' title='bbox 1161 2676 1422 2741; x_wconf 89' lang='lat' dir='ltr'><strong>quoque</strong></span> <span class='ocrx_word' id='word_1_211' title='bbox 1456 2654 1756 2720; x_wconf 87' lang='lat' dir='ltr'><strong>codicem</strong></span> <span class='ocrx_word' id='word_1_212' title='bbox 1797 2652 2346 2733; x_wconf 74' lang='lat' dir='ltr'><strong>translatumsit,</strong></span> <span class='ocrx_word' id='word_1_213' title='bbox 2391 2654 2445 2718; x_wconf 85' lang='lat' dir='ltr'><strong>l.</strong></span> 
     </span>
     <span class='ocr_line' id='line_1_29' title="bbox 320 2735 2447 2824; baseline -0.007 -8"><span class='ocrx_word' id='word_1_214' title='bbox 320 2751 437 2816; x_wconf 73' lang='grc' dir='ltr'><strong>ιἰὴ.</strong></span> <span class='ocrx_word' id='word_1_215' title='bbox 480 2747 551 2812; x_wconf 82' lang='lat' dir='ltr'><strong>G.</strong></span> <span class='ocrx_word' id='word_1_216' title='bbox 579 2744 643 2811; x_wconf 85' lang='grc' dir='ltr'><strong>.Ῑ.</strong></span> <span class='ocrx_word' id='word_1_217' title='bbox 675 2742 761 2808; x_wconf 80' lang='lat' dir='ltr'><strong>de</strong></span> <span class='ocrx_word' id='word_1_218' title='bbox 780 2740 962 2807; x_wconf 77' lang='lat' dir='ltr'><strong>stud.</strong></span> <span class='ocrx_word' id='word_1_219' title='bbox 994 2738 1192 2805; x_wconf 76' lang='lat' dir='ltr'><strong>lib-u.</strong></span> <span class='ocrx_word' id='word_1_220' title='bbox 1220 2741 1313 2803; x_wconf 83' lang='lat' dir='ltr'><strong>R.</strong></span> <span class='ocrx_word' id='word_1_221' title='bbox 1346 2750 1412 2803; x_wconf 80' lang='lat' dir='ltr'><strong>et</strong></span> <span class='ocrx_word' id='word_1_222' title='bbox 1440 2738 1510 2804; x_wconf 82' lang='lat' dir='ltr'><strong>C.</strong></span> <span class='ocrx_word' id='word_1_223' title='bbox 1545 2738 1678 2805; x_wconf 80' lang='lat' dir='ltr'><strong>XI.</strong></span> <span class='ocrx_word' id='word_1_224' title='bbox 1701 2739 1799 2806; x_wconf 82' lang='lat'><strong>18.</strong></span> <span class='ocrx_word' id='word_1_225' title='bbox 1817 2788 1837 2820; x_wconf 87' lang='lat'><em>,</em></span> <span class='ocrx_word' id='word_1_226' title='bbox 1879 2750 2108 2803; x_wconf 84' lang='lat' dir='ltr'><strong>tamen</strong></span> <span class='ocrx_word' id='word_1_227' title='bbox 2139 2751 2239 2803; x_wconf 88' lang='lat' dir='ltr'><strong>est</strong></span> <span class='ocrx_word' id='word_1_228' title='bbox 2266 2735 2447 2824; x_wconf 85' lang='lat' dir='ltr'><strong>quod</strong></span> 
     </span>
     <span class='ocr_line' id='line_1_30' title="bbox 321 2820 2556 2908; baseline -0.007 -8"><span class='ocrx_word' id='word_1_229' title='bbox 321 2832 707 2900; x_wconf 88' lang='lat' dir='ltr'><strong>dubitemus</strong></span> <span class='ocrx_word' id='word_1_230' title='bbox 733 2842 1092 2890; x_wconf 87' lang='lat' dir='ltr'><strong>numerum</strong></span> <span class='ocrx_word' id='word_1_231' title='bbox 1122 2820 1302 2887; x_wconf 91' lang='lat' dir='ltr'><strong>hunc</strong></span> <span class='ocrx_word' id='word_1_232' title='bbox 1343 2822 1631 2889; x_wconf 88' lang='lat' dir='ltr'><strong>duorum</strong></span> <span class='ocrx_word' id='word_1_233' title='bbox 1670 2829 2164 2888; x_wconf 85' lang='lat' dir='ltr'><strong>antecessorum</strong></span> <span class='ocrx_word' id='word_1_234' title='bbox 2209 2823 2277 2886; x_wconf 91' lang='lat' dir='ltr'><strong>in</strong></span> <span class='ocrx_word' id='word_1_235' title='bbox 2310 2842 2448 2908; x_wconf 79' lang='lat' dir='ltr'><strong>po·-</strong></span> <span class='ocrx_word' id='word_1_236' title='bbox 2543 2877 2556 2896; x_wconf 33' lang='grc' dir='ltr'>χ</span> 
     </span>
     <span class='ocr_line' id='line_1_31' title="bbox 320 2903 2544 2992; baseline -0.007 -7"><span class='ocrx_word' id='word_1_237' title='bbox 320 2931 578 2985; x_wconf 87' lang='lat' dir='ltr'><strong>stcrum</strong></span> <span class='ocrx_word' id='word_1_238' title='bbox 636 2911 840 2976; x_wconf 89' lang='lat' dir='ltr'><strong>etiam</strong></span> <span class='ocrx_word' id='word_1_239' title='bbox 898 2903 1168 2973; x_wconf 88' lang='lat' dir='ltr'><strong>scholae</strong></span> <span class='ocrx_word' id='word_1_240' title='bbox 1242 2907 2016 2992; x_wconf 72' lang='lat' dir='ltr'><strong>Constantinopolitanae</strong></span> <span class='ocrx_word' id='word_1_241' title='bbox 2079 2904 2440 2970; x_wconf 79' lang='lat' dir='ltr'><strong>suffecisse.</strong></span> <span class='ocrx_word' id='word_1_242' title='bbox 2535 2974 2544 2982; x_wconf 54' lang='grc'><strong>,</strong></span> 
     </span>
     <span class='ocr_line' id='line_1_32' title="bbox 316 2988 2442 3078; baseline -0.006 -11"><span class='ocrx_word' id='word_1_243' title='bbox 316 2997 676 3072; x_wconf 85' lang='lat' dir='ltr'><strong>Probabile</strong></span> <span class='ocrx_word' id='word_1_244' title='bbox 702 2994 922 3078; x_wconf 89' lang='lat' dir='ltr'><strong>potius</strong></span> <span class='ocrx_word' id='word_1_245' title='bbox 957 3013 1097 3057; x_wconf 86' lang='lat' dir='ltr'><strong>esse</strong></span> <span class='ocrx_word' id='word_1_246' title='bbox 1123 2988 1408 3067; x_wconf 82' lang='lat' dir='ltr'><strong>videtur,</strong></span> <span class='ocrx_word' id='word_1_247' title='bbox 1449 3013 1625 3055; x_wconf 90' lang='lat' dir='ltr'><strong>anno</strong></span> <span class='ocrx_word' id='word_1_248' title='bbox 1650 2993 1769 3057; x_wconf 80' lang='lat'><strong>555</strong></span> <span class='ocrx_word' id='word_1_249' title='bbox 1804 3001 1940 3056; x_wconf 88' lang='lat' dir='ltr'><strong>tam</strong></span> <span class='ocrx_word' id='word_1_250' title='bbox 1975 2990 2208 3078; x_wconf 83' lang='lat' dir='ltr'><strong>Beryti</strong></span> <span class='ocrx_word' id='word_1_251' title='bbox 2233 3010 2442 3075; x_wconf 88' lang='lat' dir='ltr'><strong>quam</strong></span> 
     </span>
    </p>
   </div>
   <div class='ocr_carea' id='block_1_3' title="bbox 1263 378 1565 394">
    <p class='ocr_par' dir='ltr' id='par_1_3' title="bbox 1263 378 1565 394">
     <span class='ocr_line' id='line_1_33' title="bbox 1263 378 1565 394; baseline 0 4267"><span class='ocrx_word' id='word_1_252' title='bbox 1263 378 1565 394; x_wconf 95' lang='lat' dir='ltr'><strong> </strong></span> 
     </span>
    </p>
   </div>
   <div class='ocr_carea' id='block_1_4' title="bbox 201 3070 2601 3165">
    <p class='ocr_par' dir='ltr' id='par_1_4' title="bbox 201 3070 2601 3165">
     <span class='ocr_line' id='line_1_34' title="bbox 201 3070 2601 3165; baseline -0.007 -10"><span class='ocrx_word' id='word_1_253' title='bbox 201 3113 209 3121; x_wconf 88' lang='lat'><strong>·</strong></span> <span class='ocrx_word' id='word_1_254' title='bbox 317 3078 901 3165; x_wconf 86' lang='lat' dir='ltr'><strong>Constantinopoli</strong></span> <span class='ocrx_word' id='word_1_255' title='bbox 947 3086 1233 3162; x_wconf 84' lang='lat' dir='ltr'><strong>quatuor</strong></span> <span class='ocrx_word' id='word_1_256' title='bbox 1287 3075 1484 3139; x_wconf 89' lang='lat' dir='ltr'><strong>fuisse</strong></span> <span class='ocrx_word' id='word_1_257' title='bbox 1537 3075 1703 3157; x_wconf 87' lang='lat' dir='ltr'><strong>juris</strong></span> <span class='ocrx_word' id='word_1_258' title='bbox 1756 3075 2209 3160; x_wconf 51' lang='lat' dir='ltr'><strong>professorem</strong></span> <span class='ocrx_word' id='word_1_259' title='bbox 2274 3085 2477 3139; x_wconf 77' lang='lat' dir='ltr'><strong>nam‘</strong></span> <span class='ocrx_word' id='word_1_260' title='bbox 2588 3070 2601 3087; x_wconf 72' lang='lat'><strong>⁴</strong></span> 
     </span>
    </p>
   </div>
   <div class='ocr_carea' id='block_1_5' title="bbox 290 3157 2582 4037">
    <p class='ocr_par' dir='ltr' id='par_1_5' title="bbox 304 3157 2582 4010">
     <span class='ocr_line' id='line_1_35' title="bbox 320 3157 2470 3254; baseline -0.008 -16"><span class='ocrx_word' id='word_1_261' title='bbox 320 3165 706 3238; x_wconf 87' lang='lat' dir='ltr'><strong>constitutio</strong></span> <span class='ocrx_word' id='word_1_262' title='bbox 770 3162 982 3228; x_wconf 88' lang='lat' dir='ltr'><strong>Omn</strong></span> <span class='ocrx_word' id='word_1_263' title='bbox 1006 3182 1127 3222; x_wconf 90' lang='lat' dir='ltr'><strong>em</strong></span> <span class='ocrx_word' id='word_1_264' title='bbox 1191 3169 1341 3223; x_wconf 92' lang='lat' dir='ltr'><strong>octo</strong></span> <span class='ocrx_word' id='word_1_265' title='bbox 1402 3159 1923 3224; x_wconf 84' lang='lat' dir='ltr'><strong>antecessoribus</strong></span> <span class='ocrx_word' id='word_1_266' title='bbox 1995 3157 2239 3254; x_wconf 86' lang='lat' dir='ltr'><strong>scripta</strong></span> <span class='ocrx_word' id='word_1_267' title='bbox 2314 3167 2470 3238; x_wconf 47' lang='lat' dir='ltr'><strong>estr</strong></span> 
     </span>
     <span class='ocr_line' id='line_1_36' title="bbox 322 3241 2442 3343; baseline -0.007 -22"><span class='ocrx_word' id='word_1_268' title='bbox 322 3274 614 3343; x_wconf 88' lang='lat' dir='ltr'><strong>quorum</strong></span> <span class='ocrx_word' id='word_1_269' title='bbox 641 3269 850 3324; x_wconf 84' lang='lat' dir='ltr'><strong>unus,</strong></span> <span class='ocrx_word' id='word_1_270' title='bbox 892 3242 1300 3309; x_wconf 84' lang='lat' dir='ltr'><strong>Salaminius</strong></span> <span class='ocrx_word' id='word_1_271' title='bbox 1342 3242 1625 3324; x_wconf 88' lang='lat' dir='ltr'><strong>scilicet,</strong></span> <span class='ocrx_word' id='word_1_272' title='bbox 1670 3265 1870 3329; x_wconf 83' lang='lat' dir='ltr'><strong>quem</strong></span> <span class='ocrx_word' id='word_1_273' title='bbox 1915 3241 2442 3308; x_wconf 25' lang='lat' dir='ltr'><strong>Justinianussin.</strong></span> 
     </span>
     <span class='ocr_line' id='line_1_37' title="bbox 304 3325 2434 3425; baseline -0.008 -18"><span class='ocrx_word' id='word_1_274' title='bbox 304 3333 755 3425; x_wconf 66' lang='lat' dir='ltr'><strong>inscriptione</strong></span> <span class='ocrx_word' id='word_1_275' title='bbox 802 3353 841 3395; x_wconf 89' lang='lat' dir='ltr'><strong>a</strong></span> <span class='ocrx_word' id='word_1_276' title='bbox 887 3327 1124 3393; x_wconf 83' lang='lat' dir='ltr'><strong>ceteris</strong></span> <span class='ocrx_word' id='word_1_277' title='bbox 1172 3326 1462 3411; x_wconf 83' lang='lat' dir='ltr'><strong>sejungit</strong></span> <span class='ocrx_word' id='word_1_278' title='bbox 1502 3337 1569 3392; x_wconf 86' lang='lat' dir='ltr'><strong>et</strong></span> <span class='ocrx_word' id='word_1_279' title='bbox 1619 3325 2130 3392; x_wconf 86' lang='lat' dir='ltr'><strong>disertissimum</strong></span> <span class='ocrx_word' id='word_1_280' title='bbox 2173 3336 2434 3390; x_wconf 89' lang='lat' dir='ltr'><strong>tantum</strong></span> 
     </span>
     <span class='ocr_line' id='line_1_38' title="bbox 316 3410 2436 3496; baseline -0.008 -6"><span class='ocrx_word' id='word_1_281' title='bbox 316 3435 809 3490; x_wconf 84' lang='lat' dir='ltr'><strong>antecessorem</strong></span> <span class='ocrx_word' id='word_1_282' title='bbox 838 3422 1071 3491; x_wconf 83' lang='lat' dir='ltr'><strong>vocat,</strong></span> <span class='ocrx_word' id='word_1_283' title='bbox 1130 3430 1339 3496; x_wconf 90' lang='lat' dir='ltr'><strong>quum</strong></span> <span class='ocrx_word' id='word_1_284' title='bbox 1386 3411 1586 3476; x_wconf 79' lang='lat' dir='ltr'><strong>ceteri</strong></span> <span class='ocrx_word' id='word_1_285' title='bbox 1630 3429 1862 3476; x_wconf 89' lang='lat' dir='ltr'><strong>omnes</strong></span> <span class='ocrx_word' id='word_1_286' title='bbox 1909 3410 2194 3474; x_wconf 87' lang='lat' dir='ltr'><strong>illustres</strong></span> <span class='ocrx_word' id='word_1_287' title='bbox 2237 3419 2436 3479; x_wconf 60' lang='lat' dir='ltr'><strong>ante-2</strong></span> 
     </span>
     <span class='ocr_line' id='line_1_39' title="bbox 319 3491 2439 3590; baseline -0.007 -21"><span class='ocrx_word' id='word_1_288' title='bbox 319 3526 612 3572; x_wconf 85' lang='lat' dir='ltr'><strong>cessores</strong></span> <span class='ocrx_word' id='word_1_289' title='bbox 659 3499 1119 3588; x_wconf 85' lang='lat' dir='ltr'><strong>appellentur,</strong></span> <span class='ocrx_word' id='word_1_290' title='bbox 1156 3491 1515 3590; x_wconf 37' lang='lat' dir='ltr'><strong>‘fortasse5</strong></span> <span class='ocrx_word' id='word_1_291' title='bbox 1588 3506 1663 3560; x_wconf 89' lang='lat' dir='ltr'><strong>ut</strong></span> <span class='ocrx_word' id='word_1_292' title='bbox 1724 3491 1928 3557; x_wconf 88' lang='lat' dir='ltr'><strong>hodie</strong></span> <span class='ocrx_word' id='word_1_293' title='bbox 1982 3493 2439 3577; x_wconf 84' lang='lat' dir='ltr'><strong>loqueremur‚·</strong></span> 
     </span>
     <span class='ocr_line' id='line_1_40' title="bbox 311 3574 2437 3684; baseline -0.008 -29"><span class='ocrx_word' id='word_1_294' title='bbox 311 3589 653 3684; x_wconf 85' lang='lat' dir='ltr'><strong>professor</strong></span> <span class='ocrx_word' id='word_1_295' title='bbox 683 3578 1253 3650; x_wconf 79' lang='lat' dir='ltr'><strong>extraordinarius</strong></span> <span class='ocrx_word' id='word_1_296' title='bbox 1282 3580 1393 3643; x_wconf 80' lang='lat' dir='ltr'><strong>vel</strong></span> <span class='ocrx_word' id='word_1_297' title='bbox 1422 3575 1731 3644; x_wconf 83' lang='lat' dir='ltr'><strong>suffectus</strong></span> <span class='ocrx_word' id='word_1_298' title='bbox 1764 3575 1910 3641; x_wconf 85' lang='lat' dir='ltr'><strong>fuit.</strong></span> <span class='ocrx_word' id='word_1_299' title='bbox 1994 3574 2122 3640; x_wconf 84' lang='lat' dir='ltr'><strong>S&#39;ed</strong></span> <span class='ocrx_word' id='word_1_300' title='bbox 2168 3574 2252 3639; x_wconf 90' lang='lat' dir='ltr'><strong>de</strong></span> <span class='ocrx_word' id='word_1_301' title='bbox 2300 3597 2437 3639; x_wconf 89' lang='lat' dir='ltr'><strong>nu·-</strong></span> 
     </span>
     <span class='ocr_line' id='line_1_41' title="bbox 312 3657 2434 3756; baseline -0.008 -15"><span class='ocrx_word' id='word_1_302' title='bbox 312 3692 508 3742; x_wconf 87' lang='lat' dir='ltr'><strong>mero</strong></span> <span class='ocrx_word' id='word_1_303' title='bbox 530 3672 755 3756; x_wconf 88' lang='lat' dir='ltr'><strong>legum</strong></span> <span class='ocrx_word' id='word_1_304' title='bbox 788 3667 1139 3730; x_wconf 87' lang='lat' dir='ltr'><strong>doctorum</strong></span> <span class='ocrx_word' id='word_1_305' title='bbox 1175 3660 1360 3726; x_wconf 85' lang='lat' dir='ltr'><strong>urbis</strong></span> <span class='ocrx_word' id='word_1_306' title='bbox 1393 3662 1645 3727; x_wconf 83' lang='lat' dir='ltr'><strong>Romae</strong></span> <span class='ocrx_word' id='word_1_307' title='bbox 1681 3678 1768 3725; x_wconf 83' lang='lat' dir='ltr'><strong>ex</strong></span> <span class='ocrx_word' id='word_1_308' title='bbox 1802 3657 2270 3725; x_wconf 87' lang='lat' dir='ltr'><strong>constitutione</strong></span> <span class='ocrx_word' id='word_1_309' title='bbox 2310 3657 2434 3725; x_wconf 83' lang='lat' dir='ltr'><strong>illu</strong></span> 
     </span>
     <span class='ocr_line' id='line_1_42' title="bbox 314 3737 2496 3842; baseline -0.009 -17"><span class='ocrx_word' id='word_1_310' title='bbox 314 3756 594 3824; x_wconf 90' lang='lat' dir='ltr'><strong>omnino</strong></span> <span class='ocrx_word' id='word_1_311' title='bbox 619 3751 791 3817; x_wconf 87' lang='lat' dir='ltr'><strong>nihil</strong></span> <span class='ocrx_word' id='word_1_312' title='bbox 816 3746 1038 3834; x_wconf 89' lang='lat' dir='ltr'><strong>colligi</strong></span> <span class='ocrx_word' id='word_1_313' title='bbox 1112 3755 1301 3821; x_wconf 88' lang='lat' dir='ltr'><strong>otest,</strong></span> <span class='ocrx_word' id='word_1_314' title='bbox 1330 3743 1690 3812; x_wconf 81' lang='lat' dir='ltr'><strong>Zimmern</strong></span> <span class='ocrx_word' id='word_1_315' title='bbox 1701 3745 1747 3810; x_wconf 83' lang='lat' dir='ltr'><strong>l.</strong></span> <span class='ocrx_word' id='word_1_316' title='bbox 1771 3741 1816 3809; x_wconf 84' lang='lat' dir='ltr'><strong>l.</strong></span> <span class='ocrx_word' id='word_1_317' title='bbox 1834 3748 1893 3842; x_wconf 55' lang='grc' dir='ltr'><strong>ᾗ.</strong></span> <span class='ocrx_word' id='word_1_318' title='bbox 1913 3743 2097 3830; x_wconf 84' lang='lat' dir='ltr'><strong>69.p.</strong></span> <span class='ocrx_word' id='word_1_319' title='bbox 2119 3743 2265 3809; x_wconf 86' lang='lat'><em>255.</em></span> <span class='ocrx_word' id='word_1_320' title='bbox 2292 3737 2435 3831; x_wconf 47' lang='grc' dir='ltr'><strong>θῇς</strong></span> <span class='ocrx_word' id='word_1_321' title='bbox 2491 3785 2496 3790; x_wconf 38' lang='lat'><strong>⁴</strong></span> 
     </span>
     <span class='ocr_line' id='line_1_43' title="bbox 313 3768 2582 3929; baseline -0.008 -20"><span class='ocrx_word' id='word_1_322' title='bbox 313 3863 534 3929; x_wconf 88' lang='lat' dir='ltr'><strong>neque</strong></span> <span class='ocrx_word' id='word_1_323' title='bbox 560 3837 809 3922; x_wconf 85' lang='lat' dir='ltr'><strong>liquet,</strong></span> <span class='ocrx_word' id='word_1_324' title='bbox 855 3832 1015 3920; x_wconf 90' lang='lat' dir='ltr'><strong>quid</strong></span> <span class='ocrx_word' id='word_1_325' title='bbox 1045 3768 1129 3894; x_wconf 53' lang='lat' dir='ltr'><strong>‹i&#39;e</strong></span> <span class='ocrx_word' id='word_1_326' title='bbox 1155 3848 1392 3894; x_wconf 83' lang='lat' dir='ltr'><strong>eorum</strong></span> <span class='ocrx_word' id='word_1_327' title='bbox 1417 3843 1696 3918; x_wconf 69' lang='lat' dir='ltr'><strong>numero</strong></span> <span class='ocrx_word' id='word_1_328' title='bbox 1725 3828 2029 3915; x_wconf 79' lang='lat' dir='ltr'><strong>legitimo</strong></span> <span class='ocrx_word' id='word_1_329' title='bbox 2060 3838 2210 3913; x_wconf 87' lang='lat' dir='ltr'><strong>post</strong></span> <span class='ocrx_word' id='word_1_330' title='bbox 2233 3827 2435 3892; x_wconf 81' lang='lat' dir='ltr'><strong>exci-</strong></span> <span class='ocrx_word' id='word_1_331' title='bbox 2577 3851 2582 3864; x_wconf 64' lang='grc'>’</span> 
     </span>
     <span class='ocr_line' id='line_1_44' title="bbox 313 3910 2278 4010; baseline -0.009 -18"><span class='ocrx_word' id='word_1_332' title='bbox 313 3927 511 3996; x_wconf 81' lang='lat' dir='ltr'><strong>dium·</strong></span> <span class='ocrx_word' id='word_1_333' title='bbox 534 3920 728 4010; x_wconf 87' lang='lat' dir='ltr'><strong>regni</strong></span> <span class='ocrx_word' id='word_1_334' title='bbox 753 3911 1214 4005; x_wconf 84' lang='lat' dir='ltr'><strong>Ostrogothici</strong></span> <span class='ocrx_word' id='word_1_335' title='bbox 1239 3936 1279 3978; x_wconf 91' lang='lat' dir='ltr'><strong>a</strong></span> <span class='ocrx_word' id='word_1_336' title='bbox 1311 3914 1680 3999; x_wconf 72' lang='lat' dir='ltr'><strong>Justiniano</strong></span> <span class='ocrx_word' id='word_1_337' title='bbox 1706 3912 2141 3981; x_wconf 85' lang='lat' dir='ltr'><strong>constitutum</strong></span> <span class='ocrx_word' id='word_1_338' title='bbox 2170 3910 2278 3977; x_wconf 87' lang='lat' dir='ltr'><strong>sit.</strong></span> 
     </span>
    </p>

    <p class='ocr_par' dir='ltr' id='par_1_6' title="bbox 290 4005 2324 4037">
     <span class='ocr_line' id='line_1_45' title="bbox 290 4005 2324 4037; baseline -0.011 10"><span class='ocrx_word' id='word_1_339' title='bbox 290 4015 293 4016; x_wconf 69' lang='grc'>’</span> <span class='ocrx_word' id='word_1_340' title='bbox 1114 4010 1647 4037; x_wconf 45' lang='grc' dir='ltr'><strong>...μ-’.κ</strong></span> <span class='ocrx_word' id='word_1_341' title='bbox 2319 4005 2324 4012; x_wconf 86' lang='lat'><strong>·</strong></span> 
     </span>
    </p>
   </div>
  </div>
 </body>
</html>
