2740 4661
1189 217 1407 325 '85

271 465 563 567 sophis
613 463 821 541 nihil
872 465 1189 541 dicitur.
1279 460 1702 539 .'Ceterum
1717 467 1870 540 hoc
1901 460 2251 541 edictum
2281 466 2398 561 (G.

304 565 444 648 ΤΕ.
494 569 639 644 VI.
689 570 842 662 21.)
900 565 1236 667 perinde
1274 591 1372 640 ac
1409 570 1554 661 leg·
1602 562 1722 642 53.
1772 568 1851 643 0.
1909 569 2044 645 172.
2068 573 2401 666 detoper.

294 672 525 785 publ..
541 667 705 748 XV.
743 696 809 745 1.
835 689 1155 784 partem
1176 694 1339 745 esse
1361 667 1620 745 videri
1644 666 2096 767 prolixioris
2123 668 2405 749 Theo-v

301 771 681 847 dosianae
750 769 1338 849 constitutionis
1421 775 1666 847 modo
1741 774 2146 863 laudatae,
2234 772 2437 879 Jacag

302 875 846 952 Gothofredus
905 871 1332 948 existimat.
1459 874 1663 946 Tom.
1721 875 1850 947 II.
1899 901 1995 969 p.
2061 876 2246 948 113.-
2290 900 2402 971 sq.

300 978 556 1053 Porro
601 975 1049 1052 Athalarici
1092 996 1420 1071 quoque
1453 973 1700 1088 Regis
1738 972 2407 1076 ostrogothorum
2517 1056 2518 1061 ,

300 1076 559 1154 oratio
590 1079 911 1180 egregia
936 1082 1038 1152 ad
1067 1076 1446 1155 Senatum
1475 1075 1688 1151 urbis
1715 1077 2026 1150 Romae
2062 1078 2305 1171 (circa
2335 1103 2400 1148 a.

303 1178 484 1265 554.
490 1186 518 1267 )
537 1232 560 1273 ,
610 1203 822 1278 quae
855 1204 1214 1257 annonas
1250 1177 1822 1292 professoribus
1849 1179 2190 1277 publicis
2229 1182 2409 1257 abs-

302 1306 467 1380 que
491 1282 1082 1359 nundinatione
1106 1272 1293 1357 ulla
1315 1300 1396 1357 et
1436 1279 1605 1354 sine
1645 1284 1818 1359 ulla
1853 1280 2405 1396 deminutione

306 1383 621 1459 exsolvi
662 1383 923 1482 jubet,
1008 1390 1108 1460 de
1150 1381 1640 1498 philosophis
1680 1404 1895 1456 tacet
1934 1405 2015 1456 et
2050 1410 2222 1457 non
2254 1381 2406 1461 nisi

303 1485 893 1588 grammaticOS,
944 1507 1295 1561 oratores
1322 1506 1405 1559 et
1429 1483 1620 1583 juris
1662 1484 2147 1584 expositores
2186 1510 2406 1559 com-

188 1636 201 1645 ·
303 1609 718 1702 memorat·
824 1590 1163 1661 Cassiod.
1212 1590 1300 1659 V
1291 1615 1412 1662 ar
1451 1585 1583 1663 IX.
1621 1611 1744 1665 21..
1844 1587 2057 1662 Sed
2037 1613 2124 1665 in
2162 1588 2410 1668 Justi-

303 1688 533 1763 niani
584 1687 1223 1769 Institutionibus
1281 1712 1649 1786 quoque,
1727 1688 1866 1763 ubi
1922 1715 2406 1769 enumeran-

303 1812 477 1883 tur,
530 1792 672 1888 qui
702 1818 751 1865 a
778 1796 1031 1869 tutela
1056 1813 1137 1866 et
1162 1816 1357 1864 cura
1384 1809 1903 1884 excusentur,
1949 1816 2121 1866 non
2152 1817 2409 1894 appa-

308 1916 491 1967 rent
517 1893 999 2008 philosophi.
1043 1893 1108 1988 §.
1149 1891 1264 2007 ¹5:
1290 1895 1361 1966 J.
1381 1897 1474 1965 de
1501 1921 1744 1968 excas.
1778 1898 1849 1966 I.
1870 1891 1991 1973 25.
2024 1895 2410 2010 ffleoplzil.

305 1999 468 2075 eod.
568 1995 953 2092 Denique
982 1994 1122 2068 illa
1150 1992 1392 2069 etiam
1417 1995 2026 2112 constitutione,
2090 1997 2224 2071 cui
2250 2023 2411 2070 no-

305 2121 489 2181 num
522 2119 640 2171 est
676 2095 1350 2210 pragmaticae
1388 2097 1972 2190 sanctionis,
2021 2097 2412 2179 Justinia-

309 2222 463 2273 nus
505 2224 870 2272 annonas
912 2197 1240 2295 quidem
1277 2225 1449 2293 eas,
1493 2222 1692 2297 quas
1735 2201 1995 2315 Reges
2022 2199 2411 2316 Ostrogo-

304 2305 633 2376 thorum
680 2300 1348 2417 praeceptoribus
1416 2323 1498 2382 et
1559 2301 1880 2418 medicis
1944 2308 2135 2380 dare
2196 2301 2411 2384 soliti,

302 2405 668 2494 fuerant,
718 2404 806 2475 in
852 2417 1260 2501 posterum
1310 2425 1642 2502 quoque
1681 2404 1772 2479 iis
1817 2406 2127 2505 erogari
2161 2404 2412 2503 jubet,

266 2571 269 2574 .
308 2510 446 2596 sed
472 2504 967 2621 philosophis
996 2505 1560 2603 praetermissis
1589 2512 1993 2583 duntaxat
2019 2513 2119 2582 de
2145 2533 2412 2609 gram-

306 2607 637 2698 maticis,
655 2605 1097 2686 oratoribus
1114 2605 1667 2707 etjurisperitis
1681 2610 2068 2708 loquitur.
2090 2612 2281 2709 Cap.
2289 2636 2411 2688 22.

324 2779 329 2786 ,
510 2710 689 2795 Jam
739 2714 842 2788 ad
892 2713 1160 2810 legum
1212 2715 1571 2790 doctores
1635 2737 2085 2828 eorumque·
2119 2712 2408 2790 immu-

309 2809 646 2886 nitatem
721 2813 1372 2928 transgredimur.
1495 2809 1988 2890 Modestinus
2063 2814 2152 2894 in
2215 2820 2268 2889 l.
2334 2816 2407 2894 6.

310 2912 383 3009 §.
412 2938 522 2986 12.
540 2917 646 2989 D.
671 2917 1020 2991 deexcus·
1035 2936 1183 2989 alt.
1232 2909 1555 3007 »Νόμων
1575 2914 2132 2998 &daddo-maa?
2094 2949 2173 2992 εν
2191 2923 2411 3020 ἐπαρ-

304 3023 437 3110 χίᾳ
476 3012 976 3106 διδάσκοντες,
1047 3019 1319 3112 ἄφεσιν
1336 3015 1478 3105 οὐχ
1527 3022 1817 3108 ἕξουσιν·
1888 3027 1967 3094 ἐν
2014 3017 2257 3120 Ῥωμῃ
2327 3027 2411 3098 δέ

310 3115 750 3204 διδάσκοντες
801 3125 1143 3216 αφιευται.
1159 3123 1205 3160 “
1354 3119 1610 3195 Vetus
1691 3122 2081 3222 interpres
2161 3129 2414 3204 verba

308 3224 509 3292 haec
557 3221 697 3296 ita
719 3219 1018 3295 Latine
1069 3219 1336 3300 vertit.
1448 3222 1830 3323 „Legum
1879 3252 2098 3302 vero.
2127 3232 2410 3301 docto·

310 3347 433 3394 res
483 3321 569 3392 in
620 3321 896 3418 aliquo
921 3321 1381 3421 praesidatu
1416 3328 1825 3419 docentes,
1872 3327 2410 3405 remissionem

252 3487 253 3490 ,
308 3448 479 3498 non
529 3426 966 3500 habebunt.
1067 3425 1377 3498 Romae
1431 3449 1700 3502 autem
1752 3435 2125 3504 docentes
2174 3457 2226 3505 a
2275 3453 2410 3505 tu-

309 3528 475 3600 tela
525 3547 604 3598 et
655 3550 851 3599 cura
898 3525 1444 3605 remittuntur.
1448 3532 1495 3578 ⁴⁶
1595 3529 1750 3604 Sed
1796 3536 2027 3606 nulla
2077 3533 2407 3608 omnino

308 3648 570 3705 exstat
612 3625 852 3719 ratio,
935 3654 1184 3727 quare
1235 3655 1402 3703 vox
1451 3629 1591 3706 illa
1634 3631 1959 3740 aeleri-at
2008 3641 2409 3711 duntaxat

308 3733 409 3804 de
462 3732 764 3801 tutelae
814 3750 895 3802 et
947 3755 1187 3806 curae
1237 3733 1662 3808 vacatione
1711 3734 2244 3853 intelligatur,
2323 3760 2408 3811 et

302 3829 526 3910 nobis
581 3829 904 3928 quidem
932 3830 1125 3913 Aut.
1152 3831 1585 3936 Augustini
1636 3863 1904 3918 versio
1943 3841 2191 3945 magis
2222 3845 2402 3941 pla-
