2740 4661
1322 171 1332 186 ’
1411 217 1530 300 322

420 442 544 517 nis
591 440 1010 559 utriusque
1052 443 1162 515 de
1207 434 1590 518 universo
1641 438 1923 517 ordine
1961 442 2523 545 magistrorum

402 538 927 643 ,eloquentiae
976 543 1481 645 intelligendi
1530 565 1739 619 sunt.
1842 546 2134 618 Sueton.
2191 546 2278 619 V
2265 572 2524 641 espas-

356 674 485 739 Re,
541 652 658 724 18.
708 649 912 724 Ptin.
959 650 1110 742 Ep.
1158 650 1323 723 ΙΙΙ.
1374 649 1450 721 3.
1504 649 1603 719 L.
1646 672 1756 720 11.
1813 646 2000 719 Gonu
2030 646 2521 721 Thwdemed

418 762 494 820 et
533 750 742 846 prof.
789 746 1070 843 (XIII.
1095 751 1201 832 1⁷»)
1253 743 2080 825 l.15.18.C.'Hz.de
2128 751 2510 824 extraord0

423 852 578 927 sive
627 851 828 923 sord..
876 862 1010 920 etc.
1065 851 1240 942 (XI.
1289 848 1441 944 16.)
1493 852 1542 921 l.
1604 872 1716 922 12.
1775 847 1854 925 C.
1901 844 2094 920 Just.
2127 851 2222 917 de
2267 875 2512 923 excas,

421 978 621 1025 mun.
672 952 803 1043 (X.
832 952 1014 1045 47..)
1112 949 1270 1024 Sed
1315 956 1669 1024 rhetores
1720 948 1809 1019 in
1854 947 2123 1023 multis
2172 947 2518 1021 fontium

415 1050 612 1128 loeis
687 1071 1170 1125 oratores
1190 1050 1428 1126 etiam
1491 1077 1587 1125 ao
1666 1050 2161 1148 sophistae
2228 1049 2515 1122 dieun—
2571 1051 2601 1124 ,ἴ

352 1232 358 1243 ‚
415 1177 592 1245 tur,
661 1172 911 1248 atque
971 1155 1168 1226 haec
1232 1175 1634 1252 postrema
1691 1151 2049 1252 inprimis
2107 1175 2279 1226 vox
2345 1176 2510 1223 sae-

415 1254 597 1355 pius
654 1277 1081 1352 perperam
1130 1253 1556 1330 intellecta
1623 1274 1764 1329 est·
1890 1255 2095 1327 Nam
2156 1250 2517 1331 Aoeursii

416 1354 851 1449 sententia,
906 1357 1180 1428 Glossa
1234 1359 1312 1430 in
1361 1361 1414 1432 l.
1456 1356 1529 1430 6.
1557 1357 1650 1452 5.
1705 1380 1774 1430 2.
1823 1356 2012 1449 Dp’g.
2044 1357 2155 1425 de
2185 1366 2518 1426 excusat

380 1454 738 1535 „XXVIL
790 1481 892 1549 1.,
940 1458 1475 1556 sophistarum
1520 1479 1816 1531 nomen
1863 1456 1954 1528 in
1995 1451 2404 1527 fontibus
2363 1479 2513 1568 Ju-

417 1560 522 1634 ris
571 1582 746 1632 non
794 1563 894 1631 de
942 1561 1493 1656 eloquentiae,
1569 1566 1707 1644 sed
1764 1563 1863 1631 de
1914 1556 2102 1632 artis
2154 1554 2515 1630 dialecti-

312 1725 319 1732 .
416 1686 559 1739 eae
606 1661 1283 1757 praeceptoribus
1320 1658 1934 1760 intelligendum
1995 1684 2201 1752 esse,
2263 1680 2518 1754 quum

408 1760 777 1861 pluribus
825 1784 1096 1836 eorum
1150 1759 1345 1834 loeis
1395 1782 1833 1860 repugnet,
1880 1763 1934 1835 l.
1986 1761 2055 1836 3.
2107 1761 2174 1854 5.
2215 1784 2300 1831 1
2334 1760 2518 1835 eod.

244 1871 251 1881 ¹
326 1918 327 1923 1
421 1864 701 1937 Theod.
750 1849 849 1932 de
899 1863 1098 1935 stud.
1147 1863 1443 1936 liberal.
1492 1863 1655 1939 urb.
1696 1865 1801 1938 R.
1853 1875 1929 1932 et
1982 1862 2063 1933 G.
2117 1858 2356 1953 (XIV-
2387 1885 2456 1958 9.
2461 1867 2518 1951 )‚

409 1960 943 2062 improbanda
1020 1987 1184 2036 esse
1261 1962 1630 2038 videtur·
1759 1965 2068 2041 'Verum
2147 1954 2515 2060 Cujaeius

410 2086 743 2164 quoque
791 2062 1122 2138 nomina
1168 2064 1580 2138 rhetorum
1630 2085 1714 2138 et
1747 2061 2304 2165 sophistarum
2303 2062 2512 2136 mire

410 2166 828 2283 explicare
876 2187 1253 2271 conatur,
1337 2171 1531 2239 dum
1592 2172 1995 2243 rhetorem
2047 2166 2275 2239 illum
2325 2190 2515 2255 esse,
2623 2184 2628 2191 ·

409 2269 558 2368 qui
629 2288 884 2344 artem
936 2274 959 2318 ἔ
977 2265 1457 2345 rhetoricam
1542 2289 1852 2361 teneat,
1952 2264 2071 2344 siv
2175 2265 2515 2341 dicendi

406 2363 846 2472 praecePta
892 2374 1175 2444 doceat
1223 2370 1391 2447 sive
1453 2394 1625 2445 non
1688 2376 2008 2460 doceat,
2123 2368 2513 2468 ophistam

402 2499 603 2552 vero
666 2497 817 2573 pro
885 2473 1211 2546 doctore
1279 2471 1365 2543 in
1430 2497 1662 2546 sensu
1727 2468 2058 2571 proprio
2107 2469 2510 2569 aecipien-

362 2579 601 2647 'dum
674 2596 841 2646 esse
905 2594 1200 2646 censet·
1255 2604 1262 2610 ·
1332 2574 1731 2646 Comment-
1797 2578 1909 2644 ad
1974 2576 2116 2666 leg.
2177 2572 2249 2644 6.
2311 2573 2380 2685 5.
2433 2596 2506 2643 ι.

406 2676 600 2767 Dig.
618 2656 714 2745 de
737 2683 982 2746 excus-
1009 2676 1364 2749 XXVII.
1385 2698 1443 2748 1.
1529 2673 1761 2771 Quae
1789 2647 2113 2773 quidem
2138 2669 2411 2786 opinio
2440 2670 2506 2747 si

404 2799 577 2850 rem
626 2797 781 2847 acu
829 2794 1225 2873 tangeret,
1278 2800 1467 2849 sane
1519 2775 1696 2849 fieri
1740 2799 1914 2847 non
1955 2773 2366 2873 potuisset,
2412 2793 2509 2850 ut

396 2874 852 2950 rhetoribus
929 2874 1171 2951 etiam
1234 2876 1581 2975 perinde
1654 2901 1752 2952 ae
1828 2875 2360 2992 grammaticis
2429 2896 2511 2948 et

401 2975 901 3077 philosophis
944 2975 1369 3078 privilegia
1416 2980 1956 3078 professorum
1974 2978 2283 3051 indulta
2310 2974 2519 3050 fuis-

401 3096 619 3171 sent,
690 3078 1004 3193 quippe
1056 3101 1343 3175 quum,
1414 3101 1510 3154 ιιι
1557 3080 1772 3156 infra
1821 3077 2513 3173 demonstrabitur,

378 3202 576 3268 *non
624 3177 779 3252 nisi
824 3179 918 3293 ιιε
934 3234 957 3269 ,
1011 3179 1157 3275 qui
1200 3177 1705 3288 juventutem
1732 3182 2050 3281 publice
2090 3183 2513 3272 docebant,

399 3278 797 3360 beneficia
841 3276 1033 3379 juris
1085 3305 1459 3356 concessa
1505 3283 1834 3359 fuerint.
1935 3288 2037 3357 L
2092 3282 2166 3358 6.
2221 3282 2288 3378 5.
2336 3290 2410 3365 Δ.
2440 3279 2515 3359 5.

403 3386 595 3480 Βί3.
646 3385 740 3455 de
786 3393 1118 3454 excusat.
1221 3383 1386 3458 Sed
1423 3389 1779 3460 rhetores
1852 3407 2195 3499 quoque
2231 3395 2511 3481 saepe-

388 3500 739 3560 -nu'mero
788 3481 1001 3557 inter
1048 3510 1180 3559 eos
1233 3490 1791 3588 appellantur,
1872 3486 2012 3586 qui
2071 3483 2514 3585 privilegiis

397 3588 940 3686 professorum·
930 3585 1362 3675 -fruantur,
1432 3591 1483 3660 l.
1523 3587 1594 3661 6.
1641 3588 1711 3682 5.
1772 3614 1836 3662 ι.
1892 3611 1963 3662 2.
2000 3593 2205 3663 eod.·
2177 3583 2512 3683 ,quidI’

399 3692 626 3785 quod
674 3692 905 3763 nulla
960 3690 1130 3763 fere
1188 3711 1391 3765 voce
1462 3689 1974 3785 eloquentiae
2021 3710 2507 3802 praecepto-

395 3814 521 3912 res
568 3789 1068 3887 frequentius
1123 3788 1703 3894 significantur.
1803 3790 2064 3893 Igitur
2097 3796 2406 3870 rhetor
2436 3788 2501 3865 is
