2740 4661
1383 268 1488 346 10

391 486 611 582 vulg.
684 499 979 576 exstat,
1068 478 1437 559 Savinius
1503 483 1604 560 V.
1672 482 1936 558 Celeb.
2001 506 2264 581 nuper
2326 491 2477 560 de-

351 584 895 673 ·monstravit,
971 583 1053 655 id
1117 603 1269 675 est,
1345 590 1558 658 hanc
1604 584 2046 660 ver-sionem
2094 586 2479 663 Latinam

389 715 441 762 a
487 684 1066 787 Burgundione
1117 684 1407 758 Pisano
1454 690 1768 760 saeculo
1834 688 2304 762 duodecimo
2353 678 2480 763 fa·-

309 795 312 798 ’
388 812 602 865 ctam
629 812 829 861 esse:
878 792 1033 859 hoc
1063 791 1166 859 ad
1215 788 1661 862 versionem
1693 787 2072 862 Latinam
2120 793 2481 864 locorum

384 892 912 978 Graecorum,
1003 909 1216 983 quae
1291 888 1497 961 libro
1564 890 1896 962 XXVII-
1959 890 2481 965 continentur

384 1016 465 1067 et
515 987 938 1065 Modestini
990 1012 1212 1087 sunt,
1284 1014 1387 1064 ex
1437 988 1675 1087 ipsius
1727 990 2028 1066 Savinii
2081 992 2479 1068 sententia

381 1099 612 1171 nullo
644 1097 900 1166 ⁴modo
952 1093 1314 1164 conferre
1343 1089 1553 1164 licet·
1662 1095 2099 1164 Gesclciclzte
2138 1097 2270 1165 des
2300 1096 2472 1166 R&-

381 1197 711 1271 misc'lcen
749 1194 1030 1265 Rechts
1072 1197 1176 1264 im
1220 1194 1695 1275 Mittelalter.
1792 1196 1942 1268 Bd.
1988 1190 2145 1265 III.
2188 1197 2267 1270 S.
2294 1191 2474 1279 445.

378 1310 524 1370 not.
549 1301 675 1371 82.
705 1298 852 1368 IV.
905 1297 978 1368 S.
1013 1297 1151 1376 341
1193 1334 1289 1349 —
1314 1288 1492 1375 345.
1590 1292 2012 1381 Accursius
2037 1294 2358 1391 quidem
2384 1296 2475 1367 in

371 1401 634 1492 glossa
677 1399 786 1466 ad
823 1398 876 1466 l.
925 1421 980 1468 r.
993 1422 1142 1508 pr.
1165 1399 1276 1468 D.
1310 1398 1405 1467 de
1438 1409 1762 1467 excusat.
1805 1406 2092 1494 putare
2121 1396 2476 1510 videtur,

376 1499 915 1572 Modestinum
987 1496 1244 1594 ipsum
1317 1500 1539 1590 quod
1604 1495 1833 1569 initio
1898 1496 2203 1571 Graece
2275 1496 2472 1572 'scri-

371 1619 685 1700 pserat,
733 1618 914 1695 post
960 1596 1254 1669 Latine
1304 1595 1666 1690 vertisse3
1716 1622 1946 1712 quae·
1975 1620 2242 1672 tamen
2293 1597 2474 1701 opi-

282 1703 291 1711 ⁸
372 1701 542 1791 nio,
602 1723 786 1771 cum
831 1697 1073 1773 nullis
1124 1696 1453 1773 omnino
1502 1655 1986 1811 argiimentis
2034 1700 2340 1773 nitatur
2389 1721 2473 1774 et
2527 1788 2538 1795 ἱ

330 1803 683 1876 ”indoles
734 1798 1411 1897 interpretationis
1465 1796 1713 1890 illius,
1798 1800 2062 1874 multis
2123 1802 2240 1872 in
2277 1794 2471 1875 locis

374 1929 463 1979 ac
511 1900 775 1979 verbis
823 1904 1240 1974 barbaram
1272 1906 1699 2014 quandam
1726 1921 2064 1975 aetatem
2099 1907 2474 1977 redolen-

373 2006 476 2081 tis
541 2004 618 2078 ei
690 2023 1126 2102 repugnet,
1197 2022 1515 2099 prorsus
1590 1999 2019 2099 rejicienda
2093 2025 2228 2079 est.
2335 2002 2469 2078 Ab

372 2103 736 2183 Antonio
781 2103 1274 2219 AugustinO,
1349 2101 1480 2175 oui
1520 2102 1811 2175 librum
1860 2103 2338 2204 singularem
2386 2127 2471 2180 et
2513 2106 2516 2107 ⁷

373 2207 702 2308 quidem
752 2204 1362 2279 eruditissimum
1409 2208 1514 2276 ad
1565 2186 2095 2277 Modestinum
2148 2207 2314 2282 sive
2362 2213 2465 2281 de

374 2307 1014 2408 excusationibus
1067 2310 1438 2381 debemus
1489 2309 1663 2403 (Eo.
1697 2308 1983 2379 Ottonis
2044 2309 2255 2382 Thes,
2295 2312 2465 2406 jur·

248 2481 251 2486 .
373 2416 598 2488 Rom.
659 2412 864 2486 Tom.
917 2410 1062 2483 IV.
1112 2413 1230 2482 ed.
1278 2433 1346 2480 2.
1388 2434 1478 2503 p·
1541 2405 2117 2505 1559-1604.)
2169 2411 2464 2508 cuique

256 2553 261 2558 ⁴
369 2512 679 2628 placuit
733 2536 1009 2587 omnes
1052 2515 1266 2584 locos
1299 2508 1481 2582 libri
1509 2511 1829 2585 XXVII.
1926 2510 2467 2626 Digestorum,
2510 2556 2516 2565 ·

371 2613 520 2712 qui
580 2610 1005 2686 Modestini
1069 2632 1253 2683 sunt
1317 2613 1418 2682 ab
1483 2632 1742 2707 eoque
1806 2610 2113 2687 Graece
2171 2612 2468 2729 scripti,

368 2715 463 2790 in
507 2714 867 2831 linguam
916 2736 1118 2811 pure
1141 2709 1525 2805 Latinam
1549 2713 2014 2805 transferre,
2064 2736 2291 2788 vetus
2326 2716 2461 2789 illa

367 2815 630 2895 versio
680 2830 1248 2913 saepenumero
1300 2799 1688 2888 barbara
1669 2817 2248 2913 1nterpretati0,
2297 2816 2464 2917 ejus

368 2941 652 2995 auctor
702 2920 1080 2989 barbarus
1131 2914 1519 3013 interpres
1570 2939 2128 3027 nuncupatur,
2195 2939 2274 3034 et
2339 2945 2462 2995 se-

370 3020 637 3098 verius
688 3020 949 3112 adhuc
991 3018 1333 3097 Jacobus
1376 3015 1935 3091 Gothofredus
1962 3023 2061 3092 de
2108 3046 2202 3093 ea
2246 3018 2461 3118 judi-

370 3144 538 3214 cat,
616 3143 868 3217 quum
918 3117 1657 3216 interpretationem
1707 3144 1881 3191 eam
1931 3121 2283 3203 omnium
2330 3123 2460 3195 in·
2494 3113 2518 3150 ⁴·

368 3221 864 3301 sulsissimam
896 3219 1112 3293 dicit.
1219 3220 1614 3294 Commeat.
1645 3224 1753 3291 ad
1783 3224 1834 3295 l.
1869 3224 1938 3295 3.
1976 3223 2151 3294 Cod.
2182 3225 2456 3297 Theod.

369 3331 464 3401 de
504 3328 700 3400 med.
751 3334 823 3393 et
859 3323 1070 3417 prof·
1124 3323 1360 3393 XIII.
1417 3323 1484 3396 3.
1547 3322 1747 3392 Tom.
1805 3325 1902 3395 V.
1940 3350 2029 3436 Ρ.
2082 3327 2201 3399 33.
2302 3325 2458 3399 Sed

299 3417 304 3430 ⁸
348 3432 630 3524 *quod
627 3428 731 3500 ad
769 3422 1152 3499 editiones
1189 3411 1775 3496 Pandectarum
1813 3423 2132 3514 attinet,
2179 3402 2264 3499 in
2297 3428 2457 3503 fra-

368 3528 707 3630 gmentis
756 3524 908 3598 illis
960 3550 1063 3597 ex
1110 3522 1539 3599 Modestini
1586 3521 1789 3598 libro
1854 3529 2227 3602 desumtis
2275 3553 2455 3603 ma·-

365 3653 723 3746 gnopere
772 3626 983 3700 inter
1010 3652 1089 3699 se
1116 3625 1634 3723 discrepant
1700 3626 1904 3700 Nam
1934 3623 2457 3703 Taurelliana
2490 3711 2498 3720 ‚

364 3730 569 3806 nihil
614 3728 877 3803 reddit
925 3728 1077 3804 nisi
1127 3747 1436 3801 textum
1485 3727 1916 3819 Graecum,
1968 3728 2110 3824 qui
2149 3732 2234 3803 in
2257 3730 2455 3804 Flo-

367 3829 686 3910 rentino
734 3829 1010 3906 codice
1059 3827 1395 3929 legitur·
1376 3885 1397 3922 ,
1475 3828 1677 3918 aliae
1744 3855 1796 3904 v
1802 3829 1995 3905 eluti
2045 3825 2451 3908 Leeuwe-
