2740 4661
1286 232 1436 348 81

268 466 460 535 dam
523 478 711 536 sunt
773 476 1023 558 atque
1088 459 1442 537 insolita.
1547 459 1703 536 Sed
1770 460 1857 533 in
1928 464 2086 537 hoc
2153 488 2394 566 argu—

263 584 547 636 mento
609 569 1036 638 tractando
1105 564 1321 638 ultra
1388 563 1588 636 fines
1657 562 1938 639 aetatis
1991 567 2395 641 Constan-

264 664 635 739 tinianae
686 664 1095 780 progredi
1109 686 1435 740 necesse
1496 663 1684 760 erit,
1759 691 1866 740 ne
1934 669 2393 744 distrahan-

263 787 443 858 tur,
521 791 733 863 quae
797 792 883 842 re
936 767 1110 866 ipsa
1159 765 1373 842 inter
1423 793 1504 843 se
1548 766 1830 868 juncta
1879 790 2092 844 sunt·
2193 772 2391 843 Phi·-

258 872 788 985 Iosophorum
837 868 1086 971 igitur
1127 892 1385 968 quum
1426 892 1687 944 certus
1733 868 2111 985 quidam
2102 895 2392 945 nume-

259 994 442 1062 rus,
495 971 640 1068 qui
690 970 777 1043 in
828 987 1327 1070 unaquaque
1378 971 1707 1049 civitate
1756 972 2184 1048 vacatione
2217 973 2382 1055 frui

258 1076 688 1166 deberent,
738 1076 839 1147 ab
866 1072 1292 1148 Antonino
1316 1063 1465 1147 Pio
1515 1095 1689 1149 non
1738 1075 2386 1168 constitueretur,

258 1180 488 1248 haud
540 1174 780 1248 dubie
830 1175 1094 1249 voluit
1132 1178 1617 1297 Imperator,
1667 1197 1763 1250 ut
1812 1197 2220 1275 quotquot
2258 1175 2388 1249 in·-

190 1292 199 1305 ²
256 1278 742 1352 venirentur
789 1276 1254 1377 philosophi
1316 1277 1709 1353 immu'nes
1777 1300 2080 1372 essent3
2157 1303 2380 1353 raros

256 1377 477 1452 enim
538 1404 737 1472 esse,
812 1377 959 1476 qui
1022 1380 1782 1477 philosopharentur
1856 1383 1960 1453 ob
2025 1402 2387 1494 *eamque

258 1505 581 1554 causam
660 1506 1087 1554 numerum
1162 1506 1476 1596 eorum,
1559 1481 1850 1580 quibus
1923 1480 2386 1555 immunitas

259 1587 782 1657 concedenda
831 1603 1067 1670 esset,
1115 1582 1266 1658 vix
1323 1583 1557 1658 nimis
1591 1583 1869 1684 augeri
1890 1606 2145 1685 posse,
2190 1608 2426 1684 cen-⁴

257 1683 442 1759 suit.
547 1686 779 1761 Roth.
825 1689 880 1756 l.
935 1686 986 1758 l.
1028 1713 1116 1782 p.
1179 1710 1339 1784 129.
1443 1685 1751 1802 Quodsi
1822 1711 1927 1759 ex
1992 1711 2086 1760 eo
2110 1702 2390 1799 patet,
2469 1684 2476 1687 ’

257 1784 551 1884 quanti
614 1767 826 1885 apud
887 1809 1200 1863 veteres
1264 1789 1484 1862 facta
1548 1788 1649 1862 sit
1716 1787 2232 1902 philosophia
2295 1786 2388 1859 in

258 1910 734 1986 quantaque
786 1887 1259 1990 dignatione
1306 1889 1483 1965 veri
1530 1893 1837 1965 fuerint
1893 1888 2381 2004 philosophi,

255 2011 531 2064 tamen
581 1988 784 2064 miro
833 1996 1074 2065 modo
1125 1984 1429 2065 factum
1479 2015 1630 2085 est,
1696 2013 1790 2064 ut
1835 1989 2381 2105 jurisconsulti

257 2096 477 2165 haud
550 2117 771 2166 secus
836 2118 932 2166 ac
980 2092 1394 2191 Principes
1455 2093 1953 2207 philosophis
2018 2092 2381 2205 inprimis

259 2191 694 2292 asperiores
744 2219 825 2267 se
877 2219 964 2267 ao
1012 2195 1448 2269 severiores
1488 2193 1798 2293 saepius
1828 2192 2379 2307 praebuerint.

249 2295 357 2370 In
410 2320 547 2369 ore
599 2293 815 2369 enim
875 2298 1217 2389 habent,
1292 2295 1464 2411 qui
1486 2297 2014 2397 philosophus
2068 2293 2374 2369 censeri

257 2395 494 2490 velit,
538 2400 641 2472 ab
694 2423 792 2472 eo
843 2424 1033 2497 opes
1084 2424 1182 2473 ac
1232 2397 1587 2473 divitias
1582 2403 2227 2482 contemnendas
2259 2423 2382 2471 es·

256 2524 376 2592 se,
423 2503 682 2594 (unde
713 2498 956 2574 etiam
995 2499 1495 2616 philosophis
1542 2505 1643 2575 de
1690 2498 2185 2574 mercedibus
2238 2525 2385 2572 ex-

253 2623 385 2676 tra
433 2602 796 2675 ordinem
842 2600 963 2699 jus
1012 2624 1185 2676 non
1236 2601 1571 2696 dicitur,
1636 2604 1690 2679 l.
1750 2626 1815 2676 ι.
1872 2600 1939 2697 §.
1990 2609 2066 2686 4.
2121 2605 2228 2673 D.
2284 2605 2402 2673 de·

249 2699 1146 2799 extr.cognit.l'2.15.),
1196 2728 1412 2804 quas
1448 2706 1514 2780 si
1559 2726 1733 2778 non
1785 2724 2135 2802 spernat,
2186 2700 2380 2775 inde

250 2805 407 2904 jam
471 2807 982 2881 manifestum
1059 2831 1223 2880 esse
1298 2832 1481 2880 eum
1554 2832 1728 2881 non
1799 2802 2383 2907 philosophari·

255 2907 494 2979 Hanc
537 2906 1016 2982 sententiam
1041 2909 1352 3006 profert
1382 2907 1876 2983 Modestinus
1900 2961 1922 3001 ,
1977 2913 2169 2981 dum
2198 2933 2386 2985 ver·

253 3008 370 3082 bis
408 3007 570 3083 illis
598 3008 996 3083 Antonini
1021 3009 1149 3082 Pii
1199 3015 1299 3082 de
1328 3035 1503 3084 non
1534 3009 2101 3086 constituendo
2152 3030 2373 3084 certo

250 3114 611 3207 quodam
673 3111 1329 3210 philosophorum
1391 3137 1728 3185 numero
1797 3109 1881 3183 in
1948 3117 2003 3188 l.
2058 3111 2129 3186 6.
2185 3110 2377 3207 §.7

141 3303 153 3314 ,
254 3215 367 3285 D.
427 3214 518 3282 de
567 3235 809 3286 excusa
864 3217 1065 3287 haec
1114 3211 1381 3288 addit.
1434 3215 1705 3307 ,,Οῗμαι
1743 3215 1860 3305 δέ,
1910 3219 2020 3288 ὅτι
2056 3224 2128 3286 οἱ
2158 3208 2381 3285 πλού-

253 3344 351 3406 τῳ
389 3309 958 3435 υπερβοῖλλοντες
1005 3319 1384 3390 ἐθελονταὶ
1422 3321 1834 3414 παρέξουσιν
1883 3312 2008 3401 τοῖς
2060 3311 2209 3386 vino
2242 3316 2383 3387 τῶν

254 3412 640 3515 χρημάτων
650 3414 1004 3535 ὁφελείας
1052 3429 1208 3503 ταῖς
1237 3425 1588 3542 πατρί-σιν
1629 3449 1691 3492 ει
1728 3421 1808 3492 δὲ
1842 3416 2383 3514 ἀκριβολογοῖν-
2423 3493 2426 3502 ,

252 3549 333 3591 το
337 3524 531 3640 περὶ
578 3514 704 3604 τάς
757 3519 1028 3609 θυσίας,
1079 3515 1397 3593 αὐτόθεν
1449 3522 1583 3619 ἤδη
1633 3526 1923 3631 φανεροὶ
1977 3515 2385 3620 γενήσονται

255 3615 357 3716 μή
394 3624 965 3718 φιλοσοφοῦντες.
968 3627 1010 3661 “
1110 3622 1334 3695 Idem
1362 3623 1530 3696 fere
1559 3648 1611 3696 a
1639 3613 2143 3720 Papiniano
2124 3644 2210 3691 ιιι
2238 3621 2292 3693 l.
2308 3622 2381 3692 8.
2401 3675 2402 3680 ,

255 3719 326 3812 §.
358 3729 432 3802 4.
466 3723 576 3795 D.
610 3726 703 3794 de
733 3749 891 3799 exc.
922 3738 995 3796 et
1023 3745 1197 3800 vac.
1224 3747 1429 3801 mun.
1457 3721 2068 3836 pronuntiatur.
2132 3719 2384 3815 „Phi-

258 3821 659 3923 Iosophis,
714 3824 860 3922 qui
883 3850 965 3902 se
995 3826 1457 3976 frequentes
1485 3846 1733 3926 atque
1756 3822 1993 3999 utilgs
2012 3847 2166 3926 per
2191 3844 2387 3896 ean-
