<?xml version="1.0" encoding="UTF-8"?>
<!DOCTYPE html PUBLIC "-//W3C//DTD XHTML 1.0 Transitional//EN"
    "http://www.w3.org/TR/xhtml1/DTD/xhtml1-transitional.dtd">
<html xmlns="http://www.w3.org/1999/xhtml" xml:lang="en" lang="en">
 <head>
  <title>
</title>
<meta http-equiv="Content-Type" content="text/html;charset=utf-8" />
  <meta name='ocr-system' content='tesseract 3.04.00' />
  <meta name='ocr-capabilities' content='ocr_page ocr_carea ocr_par ocr_line ocrx_word'/>
</head>
<body>
  <div class='ocr_page' id='page_1' title='image "./deprofessoribus00gaupgoog_0011.png"; bbox 0 0 2740 4661; ppageno 0'>
   <div class='ocr_carea' id='block_1_1' title="bbox 568 1242 1834 1445">
    <p class='ocr_par' dir='ltr' id='par_1_1' title="bbox 568 1242 1834 1445">
     <span class='ocr_line' id='line_1_1' title="bbox 568 1242 1834 1445; baseline 0.006 -58"><span class='ocrx_word' id='word_1_1' title='bbox 568 1259 597 1403; x_wconf 80' lang='grc'>,’</span> <span class='ocrx_word' id='word_1_2' title='bbox 658 1354 675 1383; x_wconf 30' lang='grc' dir='ltr'>ι</span> <span class='ocrx_word' id='word_1_3' title='bbox 736 1242 1733 1445; x_wconf 55' lang='lat' dir='ltr'>PR&#39;Aj&#39;Eiva&#39;no.</span> <span class='ocrx_word' id='word_1_4' title='bbox 1827 1416 1834 1425; x_wconf 32' lang='grc'>,</span> 
     </span>
    </p>
   </div>
   <div class='ocr_carea' id='block_1_2' title="bbox 1049 1540 1450 1569">
    <p class='ocr_par' dir='ltr' id='par_1_2' title="bbox 1049 1540 1450 1569">
     <span class='ocr_line' id='line_1_2' title="bbox 1049 1540 1450 1569; baseline 0 3092"><span class='ocrx_word' id='word_1_5' title='bbox 1049 1540 1450 1569; x_wconf 95' lang='lat' dir='ltr'> </span> 
     </span>
    </p>
   </div>
   <div class='ocr_carea' id='block_1_3' title="bbox 124 1823 2380 3914">
    <p class='ocr_par' dir='ltr' id='par_1_3' title="bbox 124 1823 2380 3914">
     <span class='ocr_line' id='line_1_3' title="bbox 203 1823 2295 1995; baseline 0.003 -41"><span class='ocrx_word' id='word_1_6' title='bbox 203 1823 323 1954; x_wconf 80' lang='lat' dir='ltr'>In</span> <span class='ocrx_word' id='word_1_7' title='bbox 373 1868 743 1995; x_wconf 86' lang='lat' dir='ltr'>epistolis·</span> <span class='ocrx_word' id='word_1_8' title='bbox 770 1837 1013 1957; x_wconf 86' lang='lat' dir='ltr'>Plinii</span> <span class='ocrx_word' id='word_1_9' title='bbox 1061 1844 1490 1977; x_wconf 86' lang='lat' dir='ltr'>Secundi,</span> <span class='ocrx_word' id='word_1_10' title='bbox 1521 1903 1617 1961; x_wconf 85' lang='lat' dir='ltr'>ut</span> <span class='ocrx_word' id='word_1_11' title='bbox 1679 1858 1850 1965; x_wconf 83' lang='lat' dir='ltr'>fere</span> <span class='ocrx_word' id='word_1_12' title='bbox 1894 1884 1984 1957; x_wconf 90' lang='lat' dir='ltr'>in</span> <span class='ocrx_word' id='word_1_13' title='bbox 2035 1885 2295 1964; x_wconf 85' lang='lat' dir='ltr'>omni-</span> 
     </span>
     <span class='ocr_line' id='line_1_4' title="bbox 199 1976 2298 2099; baseline 0 -37"><span class='ocrx_word' id='word_1_14' title='bbox 199 1988 345 2062; x_wconf 88' lang='lat' dir='ltr'>bus</span> <span class='ocrx_word' id='word_1_15' title='bbox 397 1981 937 2099; x_wconf 82' lang='lat' dir='ltr'>classicorum,</span> <span class='ocrx_word' id='word_1_16' title='bbox 987 1984 1132 2081; x_wconf 88' lang='lat' dir='ltr'>qui</span> <span class='ocrx_word' id='word_1_17' title='bbox 1177 1976 1594 2078; x_wconf 83' lang='lat' dir='ltr'>dicuntur,</span> <span class='ocrx_word' id='word_1_18' title='bbox 1656 2007 2076 2061; x_wconf 90' lang='lat' dir='ltr'>auctorum</span> <span class='ocrx_word' id='word_1_19' title='bbox 2123 1985 2298 2063; x_wconf 85' lang='lat' dir='ltr'>La-</span> 
     </span>
     <span class='ocr_line' id='line_1_5' title="bbox 164 2083 2380 2201; baseline 0 -38.015"><span class='ocrx_word' id='word_1_20' title='bbox 164 2089 552 2163; x_wconf 86' lang='lat' dir='ltr'>tinorum</span> <span class='ocrx_word' id='word_1_21' title='bbox 601 2083 948 2201; x_wconf 75' lang='lat' dir='ltr'>scriptiS,</span> <span class='ocrx_word' id='word_1_22' title='bbox 1020 2086 1253 2159; x_wconf 88' lang='lat' dir='ltr'>multi</span> <span class='ocrx_word' id='word_1_23' title='bbox 1314 2107 1502 2161; x_wconf 86' lang='lat' dir='ltr'>sunt</span> <span class='ocrx_word' id='word_1_24' title='bbox 1558 2087 1756 2180; x_wconf 82' lang='lat' dir='ltr'>loci,</span> <span class='ocrx_word' id='word_1_25' title='bbox 1825 2086 1971 2185; x_wconf 82' lang='lat' dir='ltr'>qui</span> <span class='ocrx_word' id='word_1_26' title='bbox 2036 2112 2295 2165; x_wconf 84' lang='lat' dir='ltr'>unum</span> <span class='ocrx_word' id='word_1_27' title='bbox 2363 2124 2380 2129; x_wconf 56' lang='lat'><em>¹</em></span> 
     </span>
     <span class='ocr_line' id='line_1_6' title="bbox 199 2178 2295 2300; baseline -0.001 -36"><span class='ocrx_word' id='word_1_28' title='bbox 199 2193 644 2264; x_wconf 80' lang='lat' dir='ltr'>alterumve</span> <span class='ocrx_word' id='word_1_29' title='bbox 690 2184 905 2300; x_wconf 85' lang='lat' dir='ltr'>juris</span> <span class='ocrx_word' id='word_1_30' title='bbox 935 2186 1186 2261; x_wconf 89' lang='lat' dir='ltr'>civilis</span> <span class='ocrx_word' id='word_1_31' title='bbox 1234 2178 1687 2261; x_wconf 85' lang='lat' dir='ltr'>institutum</span> <span class='ocrx_word' id='word_1_32' title='bbox 1750 2193 1888 2264; x_wconf 80' lang='lat' dir='ltr'>vel</span> <span class='ocrx_word' id='word_1_33' title='bbox 1932 2192 2295 2288; x_wconf 85' lang='lat' dir='ltr'>regulam</span> 
     </span>
     <span class='ocr_line' id='line_1_7' title="bbox 196 2286 2292 2389; baseline -0.005 -22"><span class='ocrx_word' id='word_1_34' title='bbox 196 2289 605 2389; x_wconf 84' lang='lat' dir='ltr'>attingant</span> <span class='ocrx_word' id='word_1_35' title='bbox 670 2310 765 2362; x_wconf 88' lang='lat' dir='ltr'>et</span> <span class='ocrx_word' id='word_1_36' title='bbox 825 2286 978 2363; x_wconf 88' lang='lat' dir='ltr'>nisi</span> <span class='ocrx_word' id='word_1_37' title='bbox 1051 2294 1155 2363; x_wconf 93' lang='lat' dir='ltr'>ad</span> <span class='ocrx_word' id='word_1_38' title='bbox 1232 2312 1697 2389; x_wconf 80' lang='lat' dir='ltr'>argumenta</span> <span class='ocrx_word' id='word_1_39' title='bbox 1773 2315 2050 2363; x_wconf 89' lang='lat' dir='ltr'>eorum</span> <span class='ocrx_word' id='word_1_40' title='bbox 2109 2292 2292 2382; x_wconf 50' lang='lat' dir='ltr'>illug.</span> 
     </span>
     <span class='ocr_line' id='line_1_8' title="bbox 198 2381 2292 2505; baseline -0.001 -38"><span class='ocrx_word' id='word_1_41' title='bbox 198 2397 523 2468; x_wconf 86' lang='lat' dir='ltr'>stranda</span> <span class='ocrx_word' id='word_1_42' title='bbox 567 2389 915 2486; x_wconf 88' lang='lat' dir='ltr'>aliquid</span> <span class='ocrx_word' id='word_1_43' title='bbox 910 2388 1222 2505; x_wconf 77' lang='lat' dir='ltr'>dejure</span> <span class='ocrx_word' id='word_1_44' title='bbox 1244 2391 1617 2486; x_wconf 80' lang='lat' dir='ltr'>Romano</span> <span class='ocrx_word' id='word_1_45' title='bbox 1657 2381 2121 2489; x_wconf 85' lang='lat' dir='ltr'>depromere</span> <span class='ocrx_word' id='word_1_46' title='bbox 2146 2415 2292 2465; x_wconf 57' lang='lat' dir='ltr'>veo</span> 
     </span>
     <span class='ocr_line' id='line_1_9' title="bbox 197 2491 2288 2609; baseline -0.001 -41"><span class='ocrx_word' id='word_1_47' title='bbox 197 2494 328 2584; x_wconf 89' lang='lat' dir='ltr'>lis,</span> <span class='ocrx_word' id='word_1_48' title='bbox 409 2491 729 2606; x_wconf 79' lang='lat' dir='ltr'>penitus</span> <span class='ocrx_word' id='word_1_49' title='bbox 777 2491 1155 2609; x_wconf 85' lang='lat' dir='ltr'>intelligi</span> <span class='ocrx_word' id='word_1_50' title='bbox 1164 2516 1335 2566; x_wconf 92' lang='lat' dir='ltr'>non</span> <span class='ocrx_word' id='word_1_51' title='bbox 1384 2493 1707 2608; x_wconf 78' lang='lat' dir='ltr'>possint.</span> <span class='ocrx_word' id='word_1_52' title='bbox 1810 2494 2015 2568; x_wconf 84' lang='lat' dir='ltr'>Prae</span> <span class='ocrx_word' id='word_1_53' title='bbox 2066 2513 2288 2582; x_wconf 66' lang='lat' dir='ltr'>cete—</span> 
     </span>
     <span class='ocr_line' id='line_1_10' title="bbox 197 2592 2288 2692; baseline 0.001 -25"><span class='ocrx_word' id='word_1_54' title='bbox 197 2596 303 2674; x_wconf 85' lang='lat' dir='ltr'>ris</span> <span class='ocrx_word' id='word_1_55' title='bbox 356 2594 678 2689; x_wconf 84' lang='lat' dir='ltr'>quidem</span> <span class='ocrx_word' id='word_1_56' title='bbox 729 2592 1108 2692; x_wconf 82' lang='lat' dir='ltr'>epistolae</span> <span class='ocrx_word' id='word_1_57' title='bbox 1156 2594 1340 2668; x_wconf 89' lang='lat' dir='ltr'>libri</span> <span class='ocrx_word' id='word_1_58' title='bbox 1392 2593 1712 2685; x_wconf 82' lang='lat' dir='ltr'>decimi,</span> <span class='ocrx_word' id='word_1_59' title='bbox 1762 2621 1813 2668; x_wconf 91' lang='lat' dir='ltr'>a</span> <span class='ocrx_word' id='word_1_60' title='bbox 1862 2594 2130 2669; x_wconf 87' lang='lat' dir='ltr'>Plinio</span> <span class='ocrx_word' id='word_1_61' title='bbox 2179 2598 2288 2669; x_wconf 89' lang='lat' dir='ltr'>ad</span> 
     </span>
     <span class='ocr_line' id='line_1_11' title="bbox 200 2692 2291 2812; baseline 0 -43"><span class='ocrx_word' id='word_1_62' title='bbox 200 2695 650 2793; x_wconf 73' lang='lat' dir='ltr'>Traianum</span> <span class='ocrx_word' id='word_1_63' title='bbox 711 2700 847 2770; x_wconf 87' lang='lat' dir='ltr'>vel</span> <span class='ocrx_word' id='word_1_64' title='bbox 904 2722 955 2769; x_wconf 91' lang='lat' dir='ltr'>a</span> <span class='ocrx_word' id='word_1_65' title='bbox 1006 2692 1367 2796; x_wconf 85' lang='lat' dir='ltr'>Trajano</span> <span class='ocrx_word' id='word_1_66' title='bbox 1433 2702 1540 2769; x_wconf 91' lang='lat' dir='ltr'>ad</span> <span class='ocrx_word' id='word_1_67' title='bbox 1587 2695 1941 2772; x_wconf 87' lang='lat' dir='ltr'>Plinium</span> <span class='ocrx_word' id='word_1_68' title='bbox 1988 2695 2291 2812; x_wconf 74' lang='lat' dir='ltr'>missae,</span> 
     </span>
     <span class='ocr_line' id='line_1_12' title="bbox 197 2795 2287 2892; baseline -0.001 -19"><span class='ocrx_word' id='word_1_69' title='bbox 197 2797 285 2873; x_wconf 87' lang='lat' dir='ltr'>in</span> <span class='ocrx_word' id='word_1_70' title='bbox 347 2801 615 2873; x_wconf 86' lang='lat' dir='ltr'>rebus</span> <span class='ocrx_word' id='word_1_71' title='bbox 644 2795 1009 2872; x_wconf 88' lang='lat' dir='ltr'>civilibus</span> <span class='ocrx_word' id='word_1_72' title='bbox 1070 2819 1530 2892; x_wconf 84' lang='lat' dir='ltr'>versantur3</span> <span class='ocrx_word' id='word_1_73' title='bbox 1601 2819 1957 2878; x_wconf 82' lang='lat' dir='ltr'>attamen</span> <span class='ocrx_word' id='word_1_74' title='bbox 2015 2797 2104 2870; x_wconf 89' lang='lat' dir='ltr'>in</span> <span class='ocrx_word' id='word_1_75' title='bbox 2153 2819 2287 2888; x_wconf 73' lang='lat' dir='ltr'>eas</span> 
     </span>
     <span class='ocr_line' id='line_1_13' title="bbox 140 2893 2283 2998; baseline -0.002 -27"><span class='ocrx_word' id='word_1_76' title='bbox 140 2971 145 2978; x_wconf 80' lang='grc'>,</span> <span class='ocrx_word' id='word_1_77' title='bbox 199 2923 567 2996; x_wconf 85' lang='lat' dir='ltr'>quoque,</span> <span class='ocrx_word' id='word_1_78' title='bbox 637 2921 848 2994; x_wconf 87' lang='lat' dir='ltr'>quae</span> <span class='ocrx_word' id='word_1_79' title='bbox 923 2895 1217 2974; x_wconf 86' lang='lat' dir='ltr'>novem</span> <span class='ocrx_word' id='word_1_80' title='bbox 1262 2898 1675 2998; x_wconf 78' lang='lat' dir='ltr'>prioribus</span> <span class='ocrx_word' id='word_1_81' title='bbox 1732 2893 1952 2973; x_wconf 88' lang='lat' dir='ltr'>libris</span> <span class='ocrx_word' id='word_1_82' title='bbox 2011 2897 2283 2973; x_wconf 81' lang='lat' dir='ltr'>conti-</span> 
     </span>
     <span class='ocr_line' id='line_1_14' title="bbox 198 3000 2288 3108; baseline -0.001 -35"><span class='ocrx_word' id='word_1_83' title='bbox 198 3025 531 3108; x_wconf 83' lang='lat' dir='ltr'>nentur,</span> <span class='ocrx_word' id='word_1_84' title='bbox 578 3005 799 3094; x_wconf 86' lang='lat' dir='ltr'>quod</span> <span class='ocrx_word' id='word_1_85' title='bbox 849 3000 1185 3076; x_wconf 87' lang='lat' dir='ltr'>dictum</span> <span class='ocrx_word' id='word_1_86' title='bbox 1180 3024 1348 3092; x_wconf 85' lang='lat' dir='ltr'>est,</span> <span class='ocrx_word' id='word_1_87' title='bbox 1399 3003 1761 3090; x_wconf 79' lang='lat' dir='ltr'>conferre</span> <span class='ocrx_word' id='word_1_88' title='bbox 1781 3001 1996 3096; x_wconf 86' lang='lat' dir='ltr'>licet·</span> <span class='ocrx_word' id='word_1_89' title='bbox 2094 3000 2288 3086; x_wconf 67' lang='lat' dir='ltr'>Non</span> 
     </span>
     <span class='ocr_line' id='line_1_15' title="bbox 197 3099 2287 3200; baseline 0 -25"><span class='ocrx_word' id='word_1_90' title='bbox 197 3106 437 3176; x_wconf 87' lang='lat' dir='ltr'>semel</span> <span class='ocrx_word' id='word_1_91' title='bbox 480 3099 745 3193; x_wconf 83' lang='lat' dir='ltr'>enim,</span> <span class='ocrx_word' id='word_1_92' title='bbox 770 3102 833 3180; x_wconf 87' lang='lat' dir='ltr'>si</span> <span class='ocrx_word' id='word_1_93' title='bbox 880 3107 1249 3200; x_wconf 82' lang='lat' dir='ltr'>exempla</span> <span class='ocrx_word' id='word_1_94' title='bbox 1286 3108 1682 3198; x_wconf 86' lang='lat' dir='ltr'>quaedam</span> <span class='ocrx_word' id='word_1_95' title='bbox 1713 3103 2287 3194; x_wconf 80' lang='lat' dir='ltr'>desiderentur,</span> 
     </span>
     <span class='ocr_line' id='line_1_16' title="bbox 199 3200 2284 3303; baseline -0.001 -27"><span class='ocrx_word' id='word_1_96' title='bbox 199 3208 300 3277; x_wconf 94' lang='lat' dir='ltr'>de</span> <span class='ocrx_word' id='word_1_97' title='bbox 353 3200 861 3279; x_wconf 83' lang='lat' dir='ltr'>centumviris</span> <span class='ocrx_word' id='word_1_98' title='bbox 910 3230 1007 3286; x_wconf 85' lang='lat' dir='ltr'>ac</span> <span class='ocrx_word' id='word_1_99' title='bbox 1057 3203 1760 3279; x_wconf 78' lang='lat' dir='ltr'>centumviralibus</span> <span class='ocrx_word' id='word_1_100' title='bbox 1811 3204 2086 3303; x_wconf 86' lang='lat' dir='ltr'>causis</span> <span class='ocrx_word' id='word_1_101' title='bbox 2112 3202 2284 3274; x_wconf 74' lang='lat' dir='ltr'>Pii-.-</span> 
     </span>
     <span class='ocr_line' id='line_1_17' title="bbox 196 3302 2281 3400; baseline -0.002 -24"><span class='ocrx_word' id='word_1_102' title='bbox 196 3304 377 3377; x_wconf 85' lang='lat' dir='ltr'>nius</span> <span class='ocrx_word' id='word_1_103' title='bbox 425 3302 790 3400; x_wconf 80' lang='lat' dir='ltr'>loquitur</span> <span class='ocrx_word' id='word_1_104' title='bbox 836 3309 904 3379; x_wconf 89' lang='lat' dir='ltr'>J.</span> <span class='ocrx_word' id='word_1_105' title='bbox 962 3302 1035 3384; x_wconf 83' lang='grc'>5.</span> <span class='ocrx_word' id='word_1_106' title='bbox 1083 3308 1199 3378; x_wconf 91' lang='grc' dir='ltr'>ΙΙ.</span> <span class='ocrx_word' id='word_1_107' title='bbox 1264 3320 1380 3387; x_wconf 73' lang='grc' dir='ltr'>ιίι.</span> <span class='ocrx_word' id='word_1_108' title='bbox 1432 3309 1578 3381; x_wconf 85' lang='grc' dir='ltr'>ΙΧ.</span> <span class='ocrx_word' id='word_1_109' title='bbox 1631 3309 1754 3380; x_wconf 74' lang='lat'>25:</span> <span class='ocrx_word' id='word_1_110' title='bbox 1807 3312 1923 3380; x_wconf 86' lang='lat' dir='ltr'>ed.</span> <span class='ocrx_word' id='word_1_111' title='bbox 1962 3308 2281 3398; x_wconf 76' lang='lat' dir='ltr'>Gesner,-</span> 
     </span>
     <span class='ocr_line' id='line_1_18' title="bbox 200 3393 2380 3505; baseline -0.001 -25"><span class='ocrx_word' id='word_1_112' title='bbox 200 3430 768 3505; x_wconf 84' lang='lat' dir='ltr'>saepenumero</span> <span class='ocrx_word' id='word_1_113' title='bbox 833 3412 933 3480; x_wconf 94' lang='lat' dir='ltr'>de</span> <span class='ocrx_word' id='word_1_114' title='bbox 994 3407 1343 3499; x_wconf 87' lang='lat' dir='ltr'>dotibus,</span> <span class='ocrx_word' id='word_1_115' title='bbox 1418 3412 1517 3480; x_wconf 90' lang='lat' dir='ltr'>de</span> <span class='ocrx_word' id='word_1_116' title='bbox 1578 3393 2145 3483; x_wconf 88' lang='lat' dir='ltr'>hereditatibus</span> <span class='ocrx_word' id='word_1_117' title='bbox 2195 3420 2279 3478; x_wconf 86' lang='lat' dir='ltr'>et</span> <span class='ocrx_word' id='word_1_118' title='bbox 2376 3493 2380 3501; x_wconf 84' lang='lat'>.</span> 
     </span>
     <span class='ocr_line' id='line_1_19' title="bbox 124 3506 2280 3621; baseline -0 -40"><span class='ocrx_word' id='word_1_119' title='bbox 124 3523 135 3527; x_wconf 81' lang='grc'><strong>“</strong></span> <span class='ocrx_word' id='word_1_120' title='bbox 194 3507 476 3621; x_wconf 85' lang='lat' dir='ltr'>legatis</span> <span class='ocrx_word' id='word_1_121' title='bbox 527 3506 878 3582; x_wconf 86' lang='lat' dir='ltr'>edisserit</span> <span class='ocrx_word' id='word_1_122' title='bbox 941 3511 1056 3585; x_wconf 85' lang='lat'>11.</span> <span class='ocrx_word' id='word_1_123' title='bbox 1123 3519 1196 3594; x_wconf 70' lang='grc'>4.</span> <span class='ocrx_word' id='word_1_124' title='bbox 1263 3514 1411 3584; x_wconf 88' lang='lat' dir='ltr'>IV·</span> <span class='ocrx_word' id='word_1_125' title='bbox 1488 3532 1599 3581; x_wconf 88' lang='grc' dir='ltr'>ιο.</span> <span class='ocrx_word' id='word_1_126' title='bbox 1668 3512 1856 3586; x_wconf 89' lang='lat' dir='ltr'><em>VII.</em></span> <span class='ocrx_word' id='word_1_127' title='bbox 1922 3533 2090 3602; x_wconf 69' lang='grc' dir='ltr'>ιιι,</span> <span class='ocrx_word' id='word_1_128' title='bbox 2134 3521 2280 3580; x_wconf 85' lang='lat' dir='ltr'>aut</span> 
     </span>
     <span class='ocr_line' id='line_1_20' title="bbox 194 3605 2276 3710; baseline -0.001 -27"><span class='ocrx_word' id='word_1_129' title='bbox 194 3609 594 3708; x_wconf 78' lang='lat' dir='ltr'>principia</span> <span class='ocrx_word' id='word_1_130' title='bbox 645 3615 1039 3706; x_wconf 85' lang='lat' dir='ltr'>quaedam</span> <span class='ocrx_word' id='word_1_131' title='bbox 1083 3608 1271 3710; x_wconf 85' lang='lat' dir='ltr'>juris</span> <span class='ocrx_word' id='word_1_132' title='bbox 1321 3609 1610 3702; x_wconf 87' lang='lat' dir='ltr'>civilis,</span> <span class='ocrx_word' id='word_1_133' title='bbox 1658 3607 1915 3688; x_wconf 81' lang='lat' dir='ltr'>veluti</span> <span class='ocrx_word' id='word_1_134' title='bbox 1946 3605 2276 3681; x_wconf 86' lang='lat' dir='ltr'>codicil-</span> 
     </span>
     <span class='ocr_line' id='line_1_21' title="bbox 192 3711 2277 3812; baseline 0 -28"><span class='ocrx_word' id='word_1_135' title='bbox 192 3714 309 3788; x_wconf 89' lang='lat' dir='ltr'>los</span> <span class='ocrx_word' id='word_1_136' title='bbox 357 3735 513 3811; x_wconf 86' lang='lat' dir='ltr'>pro</span> <span class='ocrx_word' id='word_1_137' title='bbox 562 3736 733 3785; x_wconf 93' lang='lat' dir='ltr'>non</span> <span class='ocrx_word' id='word_1_138' title='bbox 793 3711 1101 3812; x_wconf 78' lang='lat' dir='ltr'>scriptis</span> <span class='ocrx_word' id='word_1_139' title='bbox 1159 3717 1566 3788; x_wconf 85' lang='lat' dir='ltr'>habendos</span> <span class='ocrx_word' id='word_1_140' title='bbox 1627 3737 1828 3800; x_wconf 82' lang='lat' dir='ltr'>esse,</span> <span class='ocrx_word' id='word_1_141' title='bbox 1896 3711 2046 3808; x_wconf 81' lang='lat' dir='ltr'>qui</span> <span class='ocrx_word' id='word_1_142' title='bbox 2103 3733 2277 3786; x_wconf 80' lang='lat' dir='ltr'>nou</span> 
     </span>
     <span class='ocr_line' id='line_1_22' title="bbox 192 3812 2275 3914; baseline -0.002 -20"><span class='ocrx_word' id='word_1_143' title='bbox 192 3812 353 3894; x_wconf 71' lang='lat' dir='ltr'>sint</span> <span class='ocrx_word' id='word_1_144' title='bbox 398 3812 849 3893; x_wconf 72' lang='lat' dir='ltr'>confirmati</span> <span class='ocrx_word' id='word_1_145' title='bbox 895 3835 1367 3906; x_wconf 72' lang='lat' dir='ltr'>testamento</span> <span class='ocrx_word' id='word_1_146' title='bbox 1410 3818 1522 3893; x_wconf 91' lang='grc' dir='ltr'>ΙΙ.</span> <span class='ocrx_word' id='word_1_147' title='bbox 1560 3815 1708 3909; x_wconf 80' lang='grc' dir='ltr'>ι6.,</span> <span class='ocrx_word' id='word_1_148' title='bbox 1757 3813 1924 3906; x_wconf 67' lang='lat' dir='ltr'>sive</span> <span class='ocrx_word' id='word_1_149' title='bbox 1944 3836 2275 3914; x_wconf 79' lang='lat' dir='ltr'>rempu-</span> 
     </span>
    </p>
   </div>
  </div>
 </body>
</html>
