2740 4661
698 895 1834 1091 CONSPECTUS⁰

408 1354 766 1424 Praefatio.

216 1472 271 1554 5.
310 1473 360 1538 Ῐ.
438 1450 684 1540 Fontes
724 1487 796 1541 ‘et
837 1474 1130 1543 subsidia
1169 1474 1517 1542 litteraria.

218 1592 390 1672 §.IL
444 1593 554 1659 De
596 1593 803 1658 initiis
865 1604 932 1673 et
984 1594 1415 1688 incrementis
1472 1594 1868 1681 liberalium,
1908 1588 2293 1681 disciplina-

404 1734 557 1776 rum
603 1722 669 1776 et
711 1712 872 1776 artis
915 1689 1212 1778 medicae
1254 1712 1432 1800 apud
1472 1714 1829 1810 Romanos.

214 1827 268 1909 5.
304 1829 417 1896 ῙῙῙ.
459 1829 566 1895 De
620 1831 824 1897 variis
882 1830 1262 1896 nominibus
1318 1853 1396 1898 ae
1451 1833 1804 1920 generibus
1846 1826 2297 1920 professorum

407 1961 473 2014 et
516 1947 952 2015 medicorum.
1022 1953 1028 1961 ’
1068 1958 1075 1965 ’
1741 1942 1750 1959 ’
2065 1944 2076 1959 ’
2251 1956 2254 1957 ’

176 2096 177 2103 1
215 2063 266 2149 5.
309 2064 427 2133 lv.
472 2066 806 2153 Exempla
851 2064 1178 2154 quaedam
1220 2065 1593 2156 asperitatis
1635 2081 1702 2134 et
1739 2030 2244 2193 illiberalitatis
2220 2091 2297 2135 m
2330 2089 2337 2094 ·
2509 2142 2514 2143 ff

404 2183 744 2272 professoi
747 2209 837 2251 es

214 2298 283 2380 §
307 2300 388 2372 V.
432 2302 543 2369 De
585 2302 954 2390 privilegiis
996 2300 1453 2392 professorum
1498 2315 1564 2369 et
1604 2299 2063 2380 medicorum
2040 2320 2113 2366 1n
2142 2296 2299 2364 uni-
2345 2280 2346 2283 ¹

388 2443 700 2487 versum.

215 2538 268 2615 5.
311 2537 430 2603 Vl.
477 2539 585 2603 De
628 2530 1013 2604 muneribus
1056 2548 1123 2605 et
1164 2491 1554 2604 honoribus.
1597 2617 1602 2622 ο

215 2654 269 2734 5.
298 2654 444 2723 VII.
506 2655 612 2719 De
654 2653 1078 2723 immunitate
1136 2639 1611 2743 professoribus
1668 2665 1733 2723 et
1772 2655 2048 2724 medicis
2096 2678 2302 2778 usque
2406 2743 2418 2749 -

405 2771 509 2838 ad
539 2774 953 2840 Constantini
996 2783 1284 2840 aetatem
1332 2795 1655 2841 concessa.

206 3006 270 3088 5.
315 3007 501 3076 VIII.
561 3009 666 3073 De
705 3007 1130 3078 immunitate
1198 3010 1677 3099 professoribus
1732 3020 1801 3077 et
1854 3008 2131 3077 medicis
2155 3032 2304 3078 ¹eo·

404 3149 690 3214 rumque
730 3128 1052 3195 uxoribus
1094 3153 1170 3200 ae
1210 3128 1364 3195 filiis
1408 3128 1565 3196 inde
1623 3153 1662 3195 a
1707 3128 2142 3195 Constantino
2186 3152 2305 3194 us-

410 3267 541 3332 que
593 3243 677 3309 ad
737 3243 1184 3313 Justinianum
1240 3258 1661 3337 competente
1718 3257 1786 3311 et
1835 3233 1881 3312 'a
1939 3245 2306 3313 Justiniano

410 3383 676 3448 quoque
719 3364 1127 3431 confirmata.
1874 3346 1881 3352 ²

216 3475 273 3557 5.
298 3475 419 3545 IX.
462 3479 568 3544 De
613 3465 1161 3548 immunitate'iis
1195 3465 1675 3567 professoribus
1686 3532 1712 3574 ³.
1758 3479 2104 3550 archiatris
2131 3488 2198 3544 et
2221 3501 2311 3546 ex

411 3595 763 3664 archiatris
821 3621 1169 3682 concessa,
1235 3601 1351 3689 qui
1409 3601 1658 3668 ordinis
1718 3597 1984 3667 curialis
2038 3595 2315 3665 fuerunt

299 3720 344 3731 ’“
406 3716 519 3783 vel
564 3718 759 3783 certis
803 3717 1270 3805 dignitatibus,
1342 3720 1551 3790 veluti
1594 3728 1973 3786 senatorum
1997 3767 2021 3801 ,
2096 3716 2314 3794 eomi-

408 3840 556 3901 tum
596 3829 1333 3928 perfectissimorumye
1376 3836 1671 3915 decorati
1728 3846 1900 3901 sunt.
