2740 4661
1381 97 1414 143 Χ

1302 249 1418 330 83

1205 350 1509 376 m

297 496 461 572 que
509 489 754 572 atque
798 468 1305 554 justinianeo
1357 469 1634 545 codice
1678 432 2141 584 philosophi
2190 475 2412 547 haud

295 600 483 650 raro
534 573 624 646 in
667 596 1006 649 numero
1030 573 1571 673 professorum
1610 570 2062 648 liberalium
2094 574 2411 668 artium,

297 678 595 775 quibus
666 675 1125 752 immunitas
1191 701 1569 751 concessa
1629 675 1782 767 sit,
1862 675 2409 770 nominantur,

294 804 452 854 nec
494 778 847 855 dubitari
883 800 1186 879 potest,
1234 783 1435 877 quin
1462 779 1662 878 Imp.
1689 776 2187 860 justinianus
2225 780 2412 895 phi-

293 881 646 997 Iosophis
707 881 949 956 etiam
1012 906 1069 958 v
1071 900 1365 955 eterem
1430 880 1651 954 illam
1715 891 2141 953 munerum
2200 881 2408 959 civi-

296 983 498 1057 lium
542 979 1052 1060 vacationem
1102 982 1188 1054 in
1218 981 1686 1060 universum
1735 978 2210 1057 confirmare
2259 1010 2410 1059 vo-

295 1086 563 1162 luerit.
665 1090 769 1160 L.
815 1086 891 1161 6.
926 1086 995 1180 §·
1045 1082 1117 1162 5.
1167 1111 1245 1182 7.
1291 1090 1363 1160 8.
1418 1087 1531 1156 D.
1581 1080 1684 1156 de
1722 1110 1966 1160 exous.
2019 1088 2404 1179 (XXVII-

307 1190 408 1280 ι.)
458 1191 554 1261 L.
592 1187 664 1262 6.
710 1214 826 1263 11.
883 1188 964 1261 0.
1010 1190 1084 1263 J.
1128 1190 1223 1259 de
1260 1188 1477 1286 prof.
1537 1201 1613 1262 et
1663 1191 1858 1259 med·
1899 1190 2001 1259 X·
2038 1184 2159 1263 52.
2255 1187 2409 1261 At-

295 1310 561 1364 tamen
608 1309 902 1365 notatu
950 1288 1284 1404 dignum
1332 1311 1486 1382 est,
1538 1274 1810 1363 omnes
1848 1289 2066 1362 locos
2103 1289 2410 1393 compi-

296 1389 620 1465 lationis
681 1390 1273 1485 Justinianeae‚
1347 1390 1639 1488 quibus
1705 1396 1819 1464 de
1887 1390 2409 1506 philosopho·

295 1516 481 1569 rum
542 1492 1042 1566 immunitate
1112 1493 1414 1594 agitur,
1500 1512 1644 1568 aut
1723 1518 1826 1566 ex
1884 1494 2193 1593 scriptis
2263 1506 2410 1572 ve-

298 1615 562 1673 terum
647 1594 1389 1693 jurisconsultorum
1479 1600 1930 1701 depromtos
2019 1621 2182 1671 esse
2267 1619 2411 1672 aut

299 1694 714 1795 Principes
793 1698 1236 1813 superiores
1300 1699 1597 1771 habere
1656 1717 2035 1771 auctores.
2190 1700 2410 1787 Con·-

296 1819 429 1873 tra
510 1823 707 1874 vero
789 1801 1049 1873 fontes
1136 1797 1329 1898 juris
1418 1800 1616 1874 alios
1706 1798 2092 1874 exhibent
2165 1806 2408 1895 locos„

299 1899 446 1998 qui
484 1922 971 2002 argumento
1026 1927 1187 1975 esse
1233 1901 1707 1995 videantur,
1757 1902 2019 1977 studia
2047 1904 2408 2002 philoso-

295 2000 579 2106 phiae,
630 2026 843 2101 quae
881 2002 1224 2119 quidem
1272 2003 1362 2076 in
1411 2002 1851 2103 provinciis
1885 2006 2407 2081 occidentali-

296 2108 446 2179 bus
477 2105 826 2178 Romani
874 2105 1187 2219 imperii
1236 2110 1469 2180 nullo
1515 2129 1880 2222 tempore
1906 2107 2246 2206 perinde
2282 2132 2408 2183 at·

297 2229 462 2304 que
523 2206 612 2278 in
662 2205 979 2282 Orienti
1048 2229 1129 2281 et
1172 2208 1651 2282 nominatim
1700 2209 1789 2281 in
1846 2209 2191 2284 Graecia
2235 2210 2404 2293 Ae·-

294 2328 716 2413 gyptoque
758 2308 1119 2384 floruisse
1169 2311 1634 2405 videntur,
1661 2308 1821 2428 jam
1864 2310 2056 2386 inde
2106 2316 2209 2388 ab
2259 2340 2405 2388 ex·-
2483 2373 2488 2376 ,

186 2495 189 2496 ᾗ
302 2432 551 2485 eunte
603 2415 920 2492 saeculo
971 2434 1265 2510 quarto
1315 2439 1420 2487 ex
1479 2413 1750 2488 multis
1801 2414 2084 2493 scholis
2132 2416 2405 2518 publi-

297 2512 408 2586 cis
447 2513 864 2630 paullatim
906 2514 1433 2616 emigravisse.
1533 2516 1766 2590 Non
1745 2541 2028 2618 ignoro
2053 2519 2406 2615 quidem,

294 2635 609 2714 quanta
632 2617 915 2690 famae
968 2617 1428 2691 celebritate
1478 2623 1798 2695 scholae
1841 2619 2404 2738 philosophiae

296 2716 843 2794 Alexandriae
887 2739 967 2791 et
995 2717 1335 2792 Athenis
1376 2733 1669 2817 quarto
1707 2720 1948 2796 etiam
1988 2743 2070 2797 et
2108 2722 2400 2821 quinto

299 2823 620 2902 saeculo
671 2819 1131 2915 floruerint3
1208 2847 1372 2921 qua
1423 2829 1525 2896 de
1573 2849 1660 2897 re
1707 2827 2089 2899 lectorem
2134 2824 2403 2901 maxi-

298 2947 427 2995 me
476 2925 581 2995 ad
630 2920 955 2996 'Vitam
1004 2923 1333 2997 Procli
1397 2951 1445 2999 a
1495 2925 1875 3002 Marino
1941 2924 2105 3043 ejus
2155 2928 2395 3003 disci-

295 3026 498 3138 pulo
547 3021 922 3121 scriptam
972 3025 1327 3118 remitt0‚
1377 3026 1518 3100 ubi
1570 3031 1671 3100 de
1723 3028 2008 3104 scholis
2056 3028 2236 3122 illis,
2297 3035 2398 3104 de

292 3125 570 3204 studiis
594 3126 1185 3242 philosophiae,
1236 3151 1448 3225 quae
1470 3133 1789 3203 saeculo
1822 3130 2113 3229 quinto
2141 3131 2398 3206 Athe-

295 3227 422 3299 nis
466 3228 958 3325 potissimum
1006 3234 1267 3305 sedem
1319 3255 1543 3305 suam
1592 3234 2226 3326 collocaverant,
2296 3239 2398 3308 de

293 3329 822 3408 celeberrimis
873 3330 1226 3429 denique
1277 3327 1504 3406 illius
1556 3329 1869 3410 scholae
1915 3357 2395 3456 praecepto-

291 3430 545 3516 ribuS,
607 3430 963 3530 inprimis
1026 3440 1124 3507 de
1175 3432 1509 3530 Syriano
1557 3437 1824 3518 Procli
1874 3437 2247 3537 magistro
2317 3446 2398 3512 et

290 3531 582 3606 Proclo
630 3532 804 3635 ipso
853 3540 1106 3609 multa
1157 3540 1417 3609 lectu
1408 3538 1882 3640 dignissima
1929 3560 2394 3614 narrantur·

293 3634 416 3712 Cf.
464 3637 646 3711 edit.
697 3661 929 3733 quam
975 3641 1277 3711 curavit
1310 3643 1778 3713 Boissonade
1809 3644 2132 3739 Lipsiae
2174 3647 2394 3727 18ι4.

192 3815 195 3824 .
294 3738 644 3833 inprimis
697 3763 873 3835 cap.
922 3736 967 3835 η’
1020 3773 1119 3796 -·—
1169 3774 1263 3832 ιγ.
1304 3767 1499 3839 pag.
1552 3743 1600 3815 6
1629 3775 1730 3798 --·
1769 3768 1883 3817 11
1938 3745 2034 3816 In
2068 3747 2397 3817 versione

296 3841 486 3918 Lat.
523 3865 584 3914 c.
619 3842 988 3922 V111.-
1020 3838 1231 3923 XIII.
1268 3872 1350 3943 p.
1397 3845 1495 3921 36
1531 3853 1774 3928 -41.
1879 3845 2067 3946 Quo
2119 3845 2396 3922 melius
