2740 4661
1369 267 1510 355 38

1318 368 1618 402 Μ

623 484 758 563 De
815 483 1056 603 juris
1120 482 1456 563 civilis
1521 482 2278 600 professoribus
2300 489 2530 569 hanc

431 591 682 667 solam
716 588 1139 704 adjicimus
1187 584 1466 665 notam
1486 641 1509 681 ,
1558 593 1870 665 eosdem
1918 586 2160 662 etiam
2204 591 2527 690 profes-

428 716 636 766 sores
680 690 1080 806 legitimae
1130 689 1547 783 scientiae,
1615 694 1891 790 legum
1937 693 2296 766 doctores
2333 691 2527 775 sive

316 874 323 879 Ἴ
426 794 942 892 professores,
1018 790 1210 890 juris
1269 791 1741 890 interpretes
1807 794 1942 866 vel
2000 794 2527 893 expositores,

424 915 956 969 antecessores
1006 891 1359 988 denique
1408 891 1818 993 appellari.
1919 895 2019 963 L.
2069 921 2134 964 ι.
2175 894 2240 988 §.
2278 892 2349 972 5.
2404 898 2526 969 D.

425 998 522 1068 de
544 997 926 1066 extraord.
954 996 1219 1088 cognit.
1251 997 1381 1088 (L.
1421 999 1532 1070 13.
1545 998 1651 1075 )Ζ.
1679 993 1747 1081 6.
1787 997 1964 1068 Cod.
1982 992 2170 1067 Just.
2203 997 2528 1095 depr-os}

427 1109 502 1167 et
542 1097 746 1169 med.
798 1092 891 1169 X.
945 1089 1067 1170 52·
1175 1095 1419 1172 Con-st.
1468 1100 1638 1169 Deo
1701 1108 1904 1175 auct.
1965 1093 2034 1191 §.
2078 1096 2152 1171 3.
2212 1101 2528 1176 Omnem

427 1196 714 1293 reipub.
766 1194 837 1289 ᾗ.
889 1217 960 1270 2.
1000 1216 1261 1292 ..9.-ιο
1323 1198 1574 1271 Tanta
1625 1195 1693 1298 §-
1735 1221 1807 1296 9.
1860 1220 1977 1267 11
2007 1218 2129 1269 22.
2179 1200 2524 1272 Prooem-

384 1380 387 1383 ,
430 1299 625 1369 Inst.
685 1299 1070 1399 ἸῚιεοΡήἰΖ.
1120 1300 1279 1368 eod.
1330 1297 1402 1392 §.
1457 1301 1531 1373 3.
1586 1299 1920 1373 Cassiod.
1977 1300 2063 1373 V
2052 1324 2171 1370 ar
2215 1296 2345 1372 IX.
2395 1323 2527 1378 21.
2543 1327 2553 1331 ·

426 1397 563 1471 De
610 1423 812 1574 νὲοε
863 1420 1440 1483 antecessor
1486 1397 1675 1482 vide
1704 1400 2082 1480 Zimmern
2115 1401 2170 1475 l.
2203 1402 2254 1481 l.
2308 1400 2376 1508 ᾗ.
2401 1400 2531 1506 69.

433 1501 604 1575 Not.

630 1601 977 1677 Restant
1018 1601 1413 1695 medici,
1472 1623 1817 1698 quorum
1859 1601 2097 1713 plura
2146 1620 2331 1674 sunt
2378 1623 2528 1714 ge-

427 1725 654 1777 nera·
702 1698 1393 1816 Distinguuntur
1433 1702 1645 1776 enim
1692 1700 1838 1800 qui
1887 1699 2171 1774 medici
2220 1701 2526 1802 simpli«-

432 1803 633 1877 citer
655 1798 1113 1897 vocantur,
1174 1802 1591 1889 archiatri,
1652 1829 1757 1880 ex
1804 1800 2213 1877 archiatris
2264 1824 2344 1876 et
2392 1825 2531 1877 ara-

431 1903 724 1978 chiatri
774 1903 1148 2020 palatini.
1255 1892 2008 1986 Archiatrorum
2063 1903 2528 2003 appellatio,

433 2028 648 2103 quae
708 2002 798 2078 ni
854 2005 1207 2121 fallimur
1279 2006 1369 2079 in
1417 2004 1764 2107 Digestis
1822 2009 2186 2097 nondum
2251 2009 2529 2106 (lepre,
2633 2068 2640 2071 ,

432 2105 852 2201 henditur,
901 2107 991 2181 in
1042 2106 1441 2182 codicibus
1490 2133 1685 2183 vero
1733 2127 1900 2181 tam
1927 2100 2534 2185 Theodosiana

430 2232 682 2306 quam
729 2207 1231 2290 justinianeo
1290 2208 1629 2307 aliisque
1693 2206 1965 2282 etiam
1992 2207 2294 2310 scriptis
2341 2222 2550 2308 pas-.

432 2311 579 2390 sim
627 2311 1077 2405 invenitur,
1150 2312 1369 2409 (1.2
1431 2320 1507 2397 4.
1558 2315 1631 2387 8.
1683 2324 1757 2410 9.
1821 2313 1938 2388 13.
1998 2333 2113 2404 15.
2175 2315 2302 2388 ι8.
2347 2312 2529 2385 Cod-

184 2399 194 2416 ¹
326 2399 329 2402 Α
440 2416 720 2487 Theoti.
786 2417 880 2487 de
929 2416 1122 2487 med.
1188 2427 1264 2487 et
1315 2415 1523 2511 prof.
1575 2408 1816 2510 (XIII.
1857 2416 1963 2509 3·)
2024 2416 2081 2484 Ζ.
2141 2413 2216 2489 6
2280 2435 2441 2515 9.1

435 2516 859 2591 οοᾱ..1ι..ε.
905 2519 1000 2588 de
1035 2516 1250 2612 prof.
1275 2529 1374 2586 et
1398 2518 1588 2589 med.
1620 2512 1710 2590 X.
1729 2511 1857 2592 52.
1908 2517 2348 2629 Symmachi
2380 2518 2528 2613 ΕΡ.

432 2615 544 2690 V.
613 2616 748 2698 54.
804 2614 895 2689 X.
953 2622 1079 2699 40.
1142 2619 1262 2688 ed.
1296 2618 1496 2691 Jac.
1544 2613 1826 2688 Lea-tii
1865 2613 2119 2729 1598.)
2180 2615 2528 2732 primum

440 2714 773 2811 quidem
821 2740 1097 2789 eorum
1144 2716 1469 2831 propria
1518 2715 1755 2790 fuisse
1818 2715 2177 2809 videtur,
2249 2716 2424 2814 qui
2423 2716 2527 2789 in

440 2816 826 2898 comitatu
867 2814 1257 2918 Principis
1304 2817 1678 2890 medendi
1727 2841 1921 2892 cura
1965 2809 2539 2936 fungebantur,

370 3001 377 3020 ¹
439 2920 493 2991 Ζ.
552 2942 623 2993 2.
680 2919 856 2991 Cod.
919 2921 1111 2991 Just.
1173 2920 1374 3017 quib·
1405 2945 1565 2994 non
1624 2918 1774 3015 obj.
1843 2922 2044 3015 longi
2117 2931 2340 3016 temp.
2396 2945 2521 3017 pr.

447 3022 638 3092 VII.
690 3016 815 3096 35.
918 3021 1188 3116 Cujac.
1239 3021 1325 3093 in
1367 3032 1747 3110 comment.
1799 3024 1932 3095 ad.
1983 3024 2040 3096 Ζ.
2083 3020 2162 3097 6.
2217 3022 2297 3097 G.
2329 3020 2522 3108 Just.

440 3122 542 3191 de
581 3121 792 3218 profi
841 3133 916 3192 et
965 3125 1161 3197 med.
1200 3117 1293 3196 X.
1324 3099 1485 3213 523
1536 3119 1657 3200 his
1702 3146 1896 3204 vero
1940 3144 2218 3236 postea
2260 3120 2523 3194 nomi-

439 3245 549 3295 ne
599 3219 1173 3295 archiatrorum
1209 3220 1751 3320 palatinorum
1780 3223 2221 3317 honoratis,
2260 3227 2375 3297 ad
2399 3247 2528 3299 eos

419 3345 777 3421 quoque
834 3323 1178 3415 transiit,
1252 3321 1393 3419 qui
1444 3324 1916 3398 medicinam
1965 3324 2526 3399 Constantino·-

444 3426 617 3522 poli
666 3430 825 3500 vel
847 3421 1191 3511 Romae,
1266 3425 1355 3496 in
1406 3424 1524 3499 his
1574 3426 1905 3522 inquam
1951 3430 2264 3502 duabus
2313 3424 2527 3502 urbi·-

444 3530 594 3600 bus
655 3527 887 3628 regiis
963 3529 1479 3621 exercebant3
1566 3534 1703 3601 sed
1764 3548 2036 3599 utrum
2096 3533 2204 3604 ad
2266 3549 2528 3601 omnes

448 3652 547 3696 an
597 3634 700 3699 ad
751 3633 1136 3730 quesdam
1175 3632 1464 3719 solum,
1514 3629 1858 3714 dubitari
1887 3647 2166 3724 potest.
2266 3632 2428 3701 Lex
2456 3630 2531 3709 8.
2647 3653 2654 3662 ’

451 3728 630 3801 cod.
693 3733 828 3808 ΤΙι.
877 3734 987 3802 de
1018 3732 1211 3802 med.
1261 3743 1335 3800 et
1380 3732 1593 3826 pros.
1642 3719 1879 3807 ΧΙΙῙῖἰ
1906 3734 1978 3806 3.
2058 3736 2159 3804 de
2218 3729 2525 3805 archia-

446 3829 592 3936 tris
609 3830 822 3909 urbis
847 3834 1155 3909 Romae
1196 3829 1310 3907 ita
1343 3831 1739 3936 loquitur:
1802 3830 2235 3944 „Exceptis
2262 3852 2523 3941 portus
