2740 4661
1199 237 1314 316 67

209 452 583 529 consultis
638 454 1031 534 Romanis
1084 452 1560 553 placuisse,
1601 475 1711 528 ex
1777 480 1879 527 eo
1937 475 2302 570 apertum

209 579 344 646 est,
397 560 619 651 quod
670 554 881 631 inter
928 557 1088 630 alia
1136 556 1506 631 militiam
1559 578 1890 653 quoque
1942 577 2024 628 et
2076 556 2301 658 capi-

207 659 628 746 tationem,
704 657 784 730 id
837 680 954 734 est
1008 657 1503 831 jugationem
1562 680 1963 732 terrenam
2019 684 2303 731 mune·-

206 759 416 834 ribus
481 762 1039 836 adnumerant.
1140 762 1246 853 L.
1319 763 1434 836 13·
1487 758 1552 852 §.
1616 785 1676 832 1.
1728 762 1835 832 D.
1892 765 1985 830 de
2041 774 2301 832 vacat.

209 874 278 934 et
326 884 593 959 excuss
620 884 799 932 mun
876 867 1010 961 (L.
1057 858 1159 959 5.)
1211 865 1265 932 l.
1331 866 1448 937 18.
1499 862 1568 958 §.
1622 884 1743 961 29.
1796 864 1903 935 D.
1957 865 2049 932 de
2102 884 2306 937 mun.

211 974 282 1033 et
327 964 495 1035 hon.
548 962 648 1034 L.
701 971 776 1043 4.

413 1082 485 1131 2.
504 1060 857 1141 Deinde
907 1067 1305 1158 quaedam
1353 1034 1692 1138 munera
1739 1087 2089 1138 summae
2149 1062 2307 1136 rei-

184 1162 580 1268 ,publicae
633 1188 872 1239 causa
912 1162 1496 1280 injunguntur,
1537 1165 1699 1240 alia
1744 1190 1941 1241 vero
1995 1187 2075 1238 et
2125 1164 2312 1261 qui-
2367 1195 2372 1199 ·
2469 1149 2474 1153 ²

211 1273 390 1340 dem
450 1267 840 1362 pleraque
913 1269 1018 1340 ad
1091 1266 1668 1369 municipalem
1736 1266 2308 1366 rempublicam

218 1387 605 1468 spectant.
708 1364 936 1440 Roth.
985 1367 1113 1441 lib.
1165 1371 1282 1443 II.
1336 1392 1404 1439 c.
1455 1390 1530 1452 4.
1567 1396 1655 1464 Ρ.
1716 1377 1885 1457 ιι4.
2003 1382 2023 1393 ”
2403 1372 2406 1375 ’

413 1470 487 1544 3
537 1467 788 1540 Por-ro
839 1488 1026 1540 sunt
1074 1492 1444 1561 munera,
1496 1492 1697 1566 quae
1730 1469 1963 1543 certis
2013 1466 2311 1543 ordini-

214 1573 395 1658 buS‚
453 1570 683 1643 velut
733 1566 1197 1662 curialibus,
1270 1570 1803 1664 senatoribus,
1875 1570 2318 1661 comitibus,
2383 1602 2388 1603 ⁷

213 1669 791 1790 perfectissimis
841 1670 1428 1765 adscribantur,
1492 1697 1741 1770 quum
1788 1675 1881 1746 in
1931 1656 2104 1746 aliis
2153 1677 2309 1743 hu-

215 1776 336 1876 jus
387 1772 760 1846 ordinum
809 1770 1275 1857 discriminis
1336 1779 1569 1848 nulla
1630 1775 2023 1849 habeatur
2079 1772 2315 1847 rati0.

214 1881 312 1950 L.
368 1899 436 1949 2.
496 1875 575 1947 C.
638 1874 776 1944 ἸῚι-
844 1877 938 1943 de
1002 1877 1198 1945 med·
1264 1888 1339 1944 et
1397 1876 1606 1989 pros.
1660 1878 1902 1950 XIII.
1954 1879 2028 1951 3.
2127 1875 2309 1948 De-

216 1975 581 2052 curiones
633 1972 992 2075 inprimis
1056 1973 1491 2051 innumeris
1542 1976 2012 2065 muneribus
2077 1975 2310 2049 debi—

215 2078 480 2192 tisque
524 2071 803 2149 officiis
850 2097 1188 2151 vexatos
1235 2077 1528 2167 fuisse,
1559 2076 1744 2152 satis
1785 2096 2117 2167 constat,
2166 2101 2313 2148 un-

222 2185 359 2254 de
385 2179 672 2252 iterum
735 2175 1183 2274 iterumque
1241 2178 1474 2255 novis
1538 2202 1736 2276 opus
1795 2177 1953 2252 fuit
2016 2177 2318 2271 edictis,

184 2308 326 2358 .ne
391 2279 726 2356 curiales
786 2303 963 2395 per
995 2277 1357 2354 militiam
1430 2301 1612 2354 aut
1631 2278 2318 2381 peregrinationes

220 2410 369 2459 aut
414 2406 805 2457 recessum
855 2382 943 2454 in
975 2381 1439 2455 solitudines
1491 2404 1572 2455 et
1619 2402 1921 2455 secreta
1970 2386 2074 2453 ad
2127 2406 2313 2454 coe-

216 2508 350 2560 tus
397 2479 864 2603 μοναζόντωις,
887 2505 1031 2557 aut
1079 2486 1497 2557 obtentum
1537 2480 2130 2557 christianitatis
2173 2502 2318 2554 aut

220 2584 743 2699 imaginarias
787 2583 950 2658 sive
1002 2588 1506 2660 adumbratas
1543 2584 2008 2700 dignitates,
2058 2582 2319 2660 veluti

223 2713 542 2780 eorum,
607 2685 749 2782 qui
800 2710 908 2758 ex
961 2684 1410 2778 comitibus,
1477 2714 1581 2762 ex
1627 2687 2148 2786 praesidibus
2170 2706 2321 2758 etc.

223 2788 737 2878 dicebantur,
786 2810 931 2861 aut
956 2789 1430 2863 senatoriam
1470 2788 1939 2905 dignitatem
1978 2809 2122 2862 aut
2171 2793 2314 2861 ‹le-

222 2891 494 2988 nique
528 2893 698 2963 ullo
750 2888 910 2963 alio
960 2896 1196 2964 modo
1224 2890 1637 2992 illegitimo
1681 2914 2014 2963 munera
2054 2911 2142 2962 et
2173 2892 2320 2962 ob-

223 2992 510 3091 sequia
559 2992 958 3065 curiarum
997 2993 1270 3094 fugere
1298 3014 1805 3067 conarentur.
1905 2994 2003 3064 L.
2046 3015 2160 3064 10.
2205 3016 2233 3061 1
2257 3016 2321 3064 1.

237 3120 362 3172 12.
397 3098 512 3169 13.
551 3097 666 3167 18.
695 3116 816 3169 22.
846 3097 966 3168 23.
997 3112 1120 3177 24.
1148 3092 1272 3172 25
1297 3096 1424 3171 36.
1449 3104 1576 3177 4ο.
1603 3103 1729 3175 41.
1753 3095 1880 3176 43.
1906 3098 2029 3178 48.
2057 3093 2178 3173 63
2199 3090 2336 3188 76.

226 3203 358 3272 82.
392 3197 515 3270 86.
541 3200 663 3292 87.
711 3198 834 3293 93.
891 3198 1054 3272 123.
1095 3200 1259 3280 143.
1312 3198 1392 3272 C.
1431 3198 1564 3267 Th.
1601 3198 1693 3266 de
1733 3198 2100 3267 decurion.
2132 3193 2323 3264 XII.

237 3325 308 3371 1·
351 3322 521 3369 cum
564 3298 943 3371 comment.
973 3299 1140 3371 Jao.
1172 3300 1642 3390 Gotkofredi.
1721 3297 1843 3369 Cf.
1888 3299 2119 3365 etiam
2151 3298 2324 3364 Pa-

166 3437 169 3442 ·
231 3401 479 3475 ratiti.
516 3402 624 3468 ad
657 3399 734 3473 h.
779 3399 892 3469 tit.
948 3400 1151 3470 Tom.
1179 3402 1322 3474 IV.
1354 3428 1442 3497 Ρ.
1487 3397 1663 3476 355·
1763 3401 1897 3473 Fr.
1925 3396 2152 3468 Roth.
2184 3396 2236 3465 l.
2270 3396 2325 3467 l.

232 3501 369 3576 lib.
406 3503 520 3574 II.
548 3524 617 3571 c.
654 3507 765 3581 14.
822 3501 1234 3600 Savignyl.
1265 3504 1317 3577 l.
1340 3529 1425 3599 Ρ.
1456 3505 1576 3596 25.
1602 3526 1709 3597 sq.

210 3659 215 3670 .
442 3609 517 3684 4.
575 3600 898 3673 Deinde
948 3602 1109 3675 alia
1170 3624 1358 3676 sunt
1419 3627 1755 3676 munera
1818 3596 2332 3674 ordinaria

216 3724 324 3776 et
373 3702 861 3793 constantia,
936 3701 1113 3780 alia
1143 3730 1339 3780 vero
1404 3702 2206 3777 extraordinaria
2258 3722 2338 3771 et

226 3804 582 3899 incerta,
663 3826 874 3902 quae
940 3825 1177 3880 extra
1253 3805 1612 3884 ordinem
1684 3802 1991 3986 imponi
2054 3806 2335 3877 solent.

1849 3906 1892 3952 ἢ

1739 4168 1766 4200 2
