2740 4661
1272 256 1351 336 9„

398 477 471 586 §.
530 478 596 568 Ι.
700 425 1055 566 Fontes
1112 487 1212 564 et
1267 472 1678 577 subsidia
1731 460 2236 583 litteratim=

457 670 1045 771 Saepenumero
1070 678 1313 773 ,apud
1341 694 1647 749 veteres
1671 673 2123 773 scriptores,
2169 677 2354 751 vel-2.

253 773 381 849 uti
440 774 825 849 Plinium=
865 786 1331 871 utrumque,
1416 776 1882 850 Suetonium
1897 830 1934 869 „
1994 777 2356 865 Dionem

260 876 654 969 Cassium,
700 876 1206 951 Ammianum
1256 878 1807 951 Marcellinum
1833 933 1854 970 ,
1914 878 2354 977 Scriptores

247 978 657 1053 Historiae
682 980 1095 1078 Augustae
1121 1002 1201 1051 et
1228 978 1412 1052 alios
1428 1033 1452 1072 ,
1499 984 2028 1095 professorum
2052 990 2149 1054 ac
2183 1006 2358 1052 me«

259 1080 622 1153 dicorum
710 1080 1485 1180 privilegiorumque
1581 1081 1867 1180 quibus
1954 1085 2364 1174 fruantur,

214 1176 217 1181 ’
258 1184 563 1255 mentio
590 1181 701 1257 fit.
770 1185 960 1256 Per
1008 1209 1111 1254 se
1124 1209 1317 1257 vero
1353 1204 1617 1280 patet,
1653 1182 2110 1290 hujusmodi
2137 1188 2364 1259 locos

259 1282 352 1357 in
407 1283 650 1359 variis
712 1282 1140 1379 multisque
1189 1285 1494 1383 scriptis
1547 1284 1963 1385 dispersoS‚
2025 1306 2358 1358 enume-

258 1384 421 1459 rari
478 1385 607 1458 hic
652 1410 821 1458 non
867 1410 1127 1487 posse,
1201 1392 1333 1458 sed
1394 1387 1661 1483 potius
1727 1394 1829 1459 ad
1879 1384 2360 1499 explicatio-

258 1511 449 1559 nem
498 1486 980 1587 singularum
1001 1495 1302 1576 rerum,
1353 1487 1641 1584 quibus
1681 1487 2137 1581 testimonio
2175 1486 2360 1578 sint,

263 1586 779 1663 remittendos
809 1614 994 1662 esse.
1092 1541 1350 1688 Igittir
1396 1614 1568 1662 non
1616 1589 1768 1665 nisi
1813 1589 1901 1661 in
1952 1587 2360 1663 collectio-2

262 1689 501 1762 nibus
547 1687 736 1788 juris
787 1691 1170 1782 Romani,
1225 1712 1309 1763 et
1353 1688 2028 1791 Antejustinianei
2081 1713 2160 1763 et
2210 1690 2361 1777 Ju-

268 1789 678 1878 stinianei‚
758 1780 1024 1900 fontes
1087 1794 1536 1907 argumenti
1597 1794 1885 1885 nostri,
1941 1790 2104 1889 qui
2165 1816 2361 1889 pro-

264 1893 440 1992 prie
506 1898 662 1966 hoc
724 1888 1046 1965 nomine
1112 1895 1329 1994 digni
1397 1895 1592 1986 sint,
1640 1895 2132 1990 requirendi
2198 1919 2366 1967 esse

262 1993 686 2086 videntur,
768 2018 1204 2090 eorumque
1249 2021 1585 2070 numero
1636 1997 1991 2096 inprimis
2039 1995 2370 2135 quidem

168 2112 173 2113 *
264 2100 481 2199 leges
532 2122 624 2170 ac
673 2096 888 2168 tituli
937 2121 1354 2193 sequentes
1407 2102 1840 2173 habentur·
2357 2160 2364 2165 ,
2449 2104 2457 2111 ’

160 2247 166 2251 -
286 2238 293 2243 ·
401 2200 404 2209 ’
486 2223 550 2271 1.
600 2198 788 2270 Lex
834 2199 906 2271 6.
964 2197 1031 2297 §.
1095 2225 1404 2270 1--120-
1439 2200 1630 2299 Dig.
1679 2205 1777 2271 de
1830 2194 2370 2271 excusationi-

271 2303 421 2385 bus
472 2301 796 2375 XXVII.
863 2330 920 2372 ι.
1026 2300 1167 2373 Est
1217 2305 1435 2374 locus
1486 2300 1875 2375 Herennii
1919 2296 2370 2389 Modestini,

271 2431 324 2478 a
392 2424 559 2497 quo
606 2403 915 2474 ‘librum
988 2401 1486 2475 utilissimum
1527 2408 1645 2475 de
1720 2396 2385 2475 excusationibus

277 2508 587 2586 tutelae
630 2524 712 2577 et
763 2513 1004 2584 curae,
1033 2503 1341 2576 Graeco
1373 2529 1732 2578 sermone
1779 2503 2159 2617 scriptum
2203 2527 2372 2575 esse

275 2627 592 2679 constat
653 2609 707 2676 l.
768 2629 826 2680 1
881 2605 946 2699 ᾧ.
1011 2632 1074 2675 ι.
1125 2608 1232 2677 D.
1285 2610 1440 2677 eod.
1567 2607 1826 2680 Multa
1892 2602 2160 2703 hujus
2187 2603 2380 2676 libri
2419 2663 2422 2670 .

272 2712 745 2809 fragmenta
772 2733 821 2779 a
868 2706 1511 2820 compilatoribus
1561 2710 2072 2823 Digestorum
2135 2706 2226 2779 in
2272 2705 2382 2778 li·-

276 2815 514 2885 brum
601 2833 874 2882 eorum
950 2833 1406 2885 vicesnnum
1497 2813 1912 2908 septimum
1986 2811 2375 2884 translata

279 2934 469 2991 sunt
537 2932 619 2984 et
681 2911 997 2992 Graece
1060 2911 1353 3008 scripta
1414 2911 1500 2983 in
1561 2911 2034 3027 Florentino
2098 2909 2373 2984 codice

283 3005 825 3089 celeberrimo
870 3017 1275 3113 leguntur
1412 3013 1565 3087 Sed
1654 3014 1709 3086 ii
1785 3011 2093 3087 codices
2171 3037 2343 3086 mss
2326 3062 2375 3102 ,

281 3113 574 3215 quibus
622 3119 942 3230 vulgata
983 3117 1568 3188 Pandectarum
1615 3115 1852 3194 lectio
1894 3115 2379 3204 continetur,

280 3224 464 3293 loco
519 3225 781 3290 textus
845 3216 1133 3290 Graeci
1193 3237 1545 3292 veterem
1605 3223 2015 3315 quandam
2075 3243 2208 3291 vei
2224 3214 2378 3287 sio·-

283 3343 473 3392 nem
519 3317 898 3393 Latinam
950 3317 1361 3410 exhibent,
1435 3344 1644 3420 quae
1683 3317 2060 3416 quamvis
2111 3344 2160 3390 a
2210 3318 2378 3413 'quo

284 3425 501 3496 facta
552 3420 686 3514 sit,
736 3419 1052 3519 penitus
1099 3445 1271 3493 non
1321 3424 1663 3518 liqueat,
1714 3445 1980 3495 tamen
2016 3418 2162 3530 jam
2188 3438 2381 3491 ante

289 3523 679 3625 originem
706 3527 1037 3597 scholae
1050 3523 1579 3598 Bononiensis
1609 3523 1989 3602 exstitisse
2037 3519 2381 3595 videtur.
2399 3573 2404 3578 -

285 3626 494 3700 Nam
543 3629 794 3740 quod·
818 3631 918 3699 de
969 3623 1246 3699 ceteris
1294 3625 1827 3739 Digestorum
1857 3621 2089 3717 loeis,
2168 3646 2378 3720 quae

291 3711 602 3801 Graece
651 3725 943 3827 scripta
993 3727 1081 3798 in
1129 3727 1603 3803 Florentino
1655 3725 1928 3801 codiee
1977 3728 2382 3841 leguntur,

290 3852 794 3928 quorumque
858 3827 1113 3907 versio
1179 3835 1578 3927 quaedam
1636 3826 1941 3904 Latina
2002 3827 2091 3904 ιιι
2153 3832 2402 3904 codd.-
