2740 4661
1287 244 1394 319 15
1517 277 1572 361 3

274 460 373 570 ·.§
393 461 511 549 ΙΙ.
553 460 712 548 De
740 420 1073 548 initiis
1066 468 1162 548 et
1191 408 1813 551 incrementis
1842 461 2394 552 liberalium
2503 550 2508 553 ,

284 702 287 705 ¹
406 571 1994 778 disciplinarunhgssnffiffsmedicae
2015 574 2280 695 apud

498 866 746 962 „Illa,
821 889 1032 965 quae
1080 887 1412 961 natura,
1482 892 1655 943 non
1714 867 1995 944 litteris
2058 866 2393 942 assecuti

293 988 486 1043 sunt
543 967 832 1062 nostri,
904 994 1171 1068 neque
1244 994 1428 1043 cum
1491 970 1832 1045 Graecia
1889 991 2159 1065 neque
2223 973 2392 1042 ulla

292 1095 483 1145 cum
562 1091 803 1170 gente
875 1092 1064 1145 sunt
1138 1073 1645 1146 conferenda.
1700 1113 1797 1130 —
1848 1108 1944 1131 -·
1995 1070 2396 1144 Doctrina

291 1172 641 1277 Graecia
686 1196 834 1246 nos
886 1194 967 1246 et
1018 1173 1235 1245 omni
1283 1148 1729 1267 litterarum
1775 1196 2071 1286 genere
2111 1196 2392 1271 super-

291 1275 510 1347 abat.
516 1277 560 1316 ‘⁴
619 1274 782 1353 'Ita
834 1273 1114 1348 Cicero
1162 1271 1413 1351 Taso.
1464 1277 1526 1349 Ι.
1582 1303 1642 1351 ι.
1708 1297 1790 1349 et
1845 1273 2060 1349 hisce
2128 1274 2392 1349 verbis

290 1373 501 1447 illud
561 1375 881 1450 Horatii
942 1375 1243 1448 dictum
1304 1375 1960 1476 Epp.11.1·.v.
2039 1370 2205 1452 156.
2269 1397 2386 1477 sq.

276 1476 505 1550 ’bene
553 1474 878 1579 adjungi
919 1497 1265 1577 potest·
1569 1541 1574 1544 ,

458 1622 743 1690 Graecia
785 1636 981 1721 capta
1017 1621 1241 1695 ferum
1280 1625 1496 1693 v1ct01
1497 1650 1606 1694 em
1634 1625 1864 1725 cepit,
1909 1634 1978 1691 et
2017 1633 2193 1691 artes
2255 1664 2261 1668 «

459 1709 700 1773 Intulit
743 1709 984 1792 agresti
1026 1708 1266 1775 Latio:
1328 1711 1425 1776 sic
1461 1710 1775 1776 horridus
1817 1709 1932 1775 ille

458 1790 803 1857 Defluxit
809 1801 1126 1857 numerus
1168 1793 1547 1892 Saturnius3
1601 1806 1673 1860 et
1713 1806 1919 1879 grave
1960 1793 2143 1859 virus

460 1874 842 1942 Munditiae
880 1875 1251 1974 pepulere:-
1296 1876 1407 1943 sed
1451 1879 1521 1943 in
1563 1881 1853 1976 longum
1881 1888 2109 1944 tamen
2150 1898 2393 1943 aevum

459 1959 889 2032 Manserunt·,
931 1957 1261 2044 hodieque
1302 1973 1578 2028 manent
1616 1962 1896 2047 vestigia
1936 1960 2135 2031 ruris

461 2041 665 2109 Serus
707 2041 890 2107 enim
937 2043 1214 2108 Graecis
1254 2045 1555 2112 admovit
1592 2049 1902 2113 acumina
1945 2043 2215 2110 chartis.

525 2178 674 2254 His
757 2204 955 2256 vero
1043 2179 1566 2278 praefationis
1655 2186 1835 2256 loco
1930 2180 2410 2280 praemissis,¹

293 2282 433 2380 (cf.
482 2280 729 2357 etiam
777 2283 983 2355 Ptin.
1034 2285 1184 2379 Ep.
1255 2285 1495 2360 VIII·
1549 2289 1746 2375 πμ),
1790 2280 1949 2381 jam
2014 2287 2170 2357 hoc
2222 2283 2394 2381 pri-

290 2407 517 2457 mum
596 2387 1156 2458 annotandum
1249 2404 1404 2477 est,
1513 2387 2008 2498 professores
2098 2383 2394 2460 libera-

292 2484 497 2559 lium
523 2483 1146 2609 ‘disciplinarum
1191 2507 1366 2559 non
1427 2484 1622 2561 alios
1686 2486 1775 2558 in
1836 2485 2192 2561 fontibus
2265 2483 2397 2583 ju-

293 2584 405 2661 ris
455 2585 606 2660 nisi
652 2586 1241 2702 grammaticos,
1316 2585 1673 2663 'rhetores
1740 2610 1824 2662 et
1868 2587 2391 2703 philosophos

291 2686 653 2803 proprie
674 2688 1090 2802 appellari.
1191 2679 1838 2788 jurisprudentia
1889 2689 2134 2791 igitur
2184 2692 2397 2767 inter

294 2788 760 2888 disciplinas
811 2789 977 2863 illas
1022 2812 1207 2864 non
1247 2793 1623 2883 habetur,
1711 2797 1847 2865 sed
1893 2817 2068 2874 -non
2116 2814 2213 2865 ut
2258 2789 2396 2868 vi·-

293 2889 450 2998 lior
495 2911 579 2963 et
624 2889 885 2964 minus
936 2896 1273 2966 honesta
1295 2946 1320 3007 ’.
1386 2915 1639 2989 quum
1688 2893 1956 2991 potius
2008 2921 2059 2967 a
2093 2893 2398 2969 Roma-

180 3042 191 3048 ,
293 2991 419 3065 nis
459 2991 559 3064 ιιι
606 3016 1045 3093 permagna
1108 2991 1369 3067 omni
1393 3020 1595 3070 aevo
1641 2995 1919 3076 habita
1977 2994 2223 3069 fuerit
2272 2997 2399 3071 di·-

293 3092 716 3206 guadone,
786 3100 922 3167 sed
986 3100 1208 3193 quod
1269 3098 1492 3193 apud
1542 3094 1929 3189 Graecos,
2007 3123 2056 3170 a
2109 3097 2398 3213 quibus

294 3220 599 3269 nomen
643 3193 1094 3271 liberalium
1160 3195 1760 3297 disciplinarum
1825 3222 2121 3297 eaeque
2178 3199 2397 3298 ipsae

256 3298 405 3370 ad
476 3297 887 3372 Romanos
959 3320 1542 3398 pervenerant,
1640 3298 1997 3404 legitima
2066 3299 2399 3376 scientia

298 3397 575 3474 studiis
624 3396 816 3497 illis,
867 3423 1081 3499 quae
1125 3400 1503 3514 ἐλευθέρια
1550 3387 1990 3493 vocab'ant,
2037 3425 2210 3472 non
2250 3407 2397 3477 ad-

296 3502 897 3579 numerabatur.
1011 3500 1549 3600 Nihilominus
1591 3527 1647 3578 v
1650 3527 1785 3577 ero
1829 3525 1909 3576 et
1946 3505 2216 3602 legum
2250 3509 2401 3579 do·

299 3619 554 3676 ctores
599 3601 1167 3700 professoribus
1217 3603 1372 3678 illis
1421 3613 1663 3704 supra
1703 3603 1930 3680 dictis
1979 3606 2400 3700 posteriori

264 3722 562 3778 ‘aetate
588 3703 812 3803 quasi
833 3703 1218 3821 adjuncti
1219 3727 1443 3802 sunt3
1495 3727 1712 3786 certe
1733 3706 1821 3779 in
1850 3705 2090 3780 titulo
2119 3706 2400 3783 Theo-

302 3801 610 3890 dosiani
673 3805 1002 3922 codicis,
1080 3804 1226 3908 qui
1289 3807 1889 3911 inscriptionem
1948 3812 2229 3885 habet.
