2740 4661
1243 273 1345 354 31

245 516 445 569 vero
493 484 798 592 'pronus
862 494 1216 572 carmina
1274 493 1617 570 libenter
1679 518 1775 568 ac
1835 495 2004 568 sine
2068 495 2340 570 labore
2427 524 2430 525 f

248 595 730 694 composuit3
791 597 992 666 Suet.
1020 601 1300 675 Nercc.
1347 616 1472 688 52.
1501 636 1604 653 -
1632 596 2165 696 Vespasianus
2216 597 2344 668 in-

245 699 489 798 genia
536 720 637 771 :et
699 718 903 772 artes
965 704 1101 781 vel
1171 699 1517 775 maxime
1579 700 1786 774 fovit
1848 699 2342 800 egregiisque

248 798 686 901 artificibus
735 824 1029 899 magna
1079 828 1317 902 saepe*
1360 799 1715 899 praemia
1762 801 2085 894 obtulit3
2138 803 2343 872 Suet.

254 905 487 998 Vesp.
520 927 579 975 c.
620 905 734 975 18.
837 904 990 976 Sed
1037 899 1194 1001 jam
1246 902 1648 979 sufficiant
1697 906 1898 1008 llaec
1948 905 2344 998 exempla,

246 1024 593 1098 quorum
657 1025 1032 1080 numerus
1110 1008 1346 1082 facile
1412 1003 1709 1105 augeri.
1768 1003 2034 1103 possit.
2134 1005 2338 1075 Suet.

242 1101 533 1176 Domit.
588 1131 653 1180 c.
708 1130 829 1181 20.
877 1107 1050 1202 Aet.
1102 1110 1499 1205 Spartiani
1547 1109 1942 1180 Hadrian.
1968 1126 2035 1178 ’0.
2075 1102 2187 1181 15.
2223 1104 2337 1177 16.

166 1226 171 1230 ’
239 1206 396 1278 Jul.
468 1207 866 1303 Capitolia.
930 1210 1311 1287 Antonin.v
1346 1215 1441 1284 P.
1490 1236 1555 1291 c,
1612 1234 1640 1280 1
1664 1233 1727 1283 1.
1819 1210 2085 1303 ‚Mars--
2144 1206 2332 1278 Ant.

241 1307 678 1403 Philosoph.
713 1335 778 1383 c.
815 1333 885 1383 2.
916 1313 993 1384 3.
1020 1314 1291 1384 ‘Verus
1323 1339 1388 1387 c.
1421 1335 1488 1386 2.
1553 1310 1726 1383 Ael.
1757 1310 2018 1405 Spart.
2085 1308 2336 1380 Sever.

240 1431 306 1481 c.
347 1411 459 1481 18.
509 1408 786 1484 Anton.
821 1413 1017 1482 Geta
1050 1437 1114 1484 c.
1151 1410 1239 1489 5,..
1272 1415 1442 1485 Aet.
1485 1411 1892 1505 Lamprid.
1932 1409 2154 1482 Alex.
2193 1409 2335 1478 Se—

226 1525 396 1583 ver.
425 1536 489 1584 c.
520 1513 593 1585 5.
625 1518 751 1593 44.
781 1511 904 1586 68.
1009 1515 1233 1586 Flav.
1267 1517 1355 1586 V
1340 1514 1566 1611 episc.
1596 1511 2102 1582 Numerianus
2143 1533 2210 1580 c.
2264 1534 2334 1582 1.

238 1608 423 1684 Hoc
472 1615 732 1685 solum
782 1618 1075 1689 addere
1120 1612 1353 1706 libet,
1404 1638 1661 1687 unum
1685 1616 1884 1685 adeo
1911 1609 2148 1683 fuisse
2175 1612 2337 1682 Im·-
2447 1654 2454 1671 ι

236 1733 724 1810 peratorem,
773 1712 1272 1789 Pertinacem
1299 1717 1633 1802 scilieet,
1685 1712 1828 1812 qui
1877 1733 2120 1787 antea
2166 1712 2338 1811 ipse

236 1816 832 1913 grammaticam
878 1818 1271 1917 professus
1326 1814 1520 1892 erat'
1545 1838 1632 1907 et<
1654 1839 1906 1913 quum
1938 1815 2023 1887 in
2056 1840 2156 1888 ea
2182 1813 2335 1888 mi·-

234 1939 388 1989 nus
438 1940 810 2014 quaestus
861 1919 1351 2016 profecisset,
1430 1945 1577 2018 per
1625 1917 2079 1992 Lollianum
2128 1915 2333 1990 Avi-

233 2036 407 2099 tum
458 2023 955 2094 consularem
1004 2022 1302 2114 virum,
1363 2020 1605 2118 patris
1653 2018 2006 2094 libertini
2050 2038 2332 2117 patro-

231 2141 465 2211 num,
518 2122 863 2221 ducendi
910 2121 1213 2220 ¹ordinis
1265 2122 1734 2223 dignitatem
1760 2121 2121 2216 petierat.
2168 2122 2326 2192 Jul-
2424 2153 2431 2160 ·

237 2220 637 2318 Capitolia.
691 2226 978 2298 Pet-tin.
1032 2250 1095 2295 c.
1161 2252 1220 2301 1.
1316 2223 1702 2320 Denique
1750 2245 1920 2294 non
1966 2239 2337 2323 praeter-·

226 2322 708 2397 mittendum
760 2348 908 2419 est,
953 2327 1429 2427 professores
1460 2314 2058 2422 'saepenumero‘
2086 2321 2327 2397 etiam

228 2427 332 2499 ab
380 2428 998 2526 Imperatoribus
1061 2427 1656 2524 quaestionibus
1716 2423 2085 2501 abstrusis
2149 2422 2327 2525 agi-

142 2531 147 2538 ’
224 2547 433 2602 tatos
501 2554 685 2605 esse.
797 2532 1001 2606 Nam
1066 2531 1485 2627 Tiberius,
1559 2527 1705 2628 qui
1765 2526 2136 2632 notitiam
2191 2525 2326 2599 hi·-

227 2628 517 2704 storiae
565 2632 945 2708 fabularis
1008 2656 1265 2735 usque
1331 2640 1436 2709 ad
1483 2630 1823 2732 ineptias
1875 2652 2121 2728 atque
2171 2634 2324 2703 de·-

225 2730 471 2803 risum
498 2735 844 2828 curavit,
893 2736 1442 2839 grammaticos
1472 2732 1848 2835 ejusmodi
1871 2734 2038 2808 fere
2068 2753 2325 2829 quae·

230 2833 616 2907 stionibus
666 2857 902 2936 saepe
948 2839 1551 2939 experiebatur:
1601 2838 2125 2934 Quae'mater
2150 2831 2324 2907 Hes

222 2937 512 3010 cubae:
565 2936 806 3034 Quod
830 2939 1125 3016 Achilli
1164 2921 1458 3016 nomen
1499 2940 1708 3015 inter
1735 2937 2083 3038 virgines
2122 2934 2322 3010 fuis-

199 3056 376 3120 set:
453 3038 672 3137 Quid
714 3041 1020 3119 Sirenes
1085 3065 1412 3120 cantare
1477 3044 1633 3117 sint
1681 3036 2007 3116 solitae?
2108 3039 2314 3110 Suet.

228 3142 450 3214 Tiber
474 3168 534 3215 c.
565 3169 725 3242 7o.;
773 3146 1221 3221 Hadrianus
1245 3172 1480 3237 vero,
1527 3142 1881 3244 quamvis
1910 3160 2108 3217 esset
2132 3165 2319 3214 ora·
2420 3233 2424 3242 Ι

212 3241 440 3318 tione
491 3267 571 3319 et
619 3273 857 3325 versu
904 3248 1466 3352 promtissimus
1518 3269 1598 3322 et
1647 3247 1735 3320 in
1785 3243 2312 3355 omnibus-ar-

214 3344 427 3420 tibus
475 3349 1022 3445 peritissimus,
1100 3375 1372 3428 tamen
1431 3351 1906 3451 professores
1959 3366 2313 3418 omnium

215 3447 509 3523 artium
557 3478 860 3552 semper
908 3475 1002 3527 ut
1052 3453 1361 3529 doctio'r
1412 3453 1611 3545 risit,
1665 3446 2111 3536 contemsit,
2163 3447 2310 3518 ob-

215 3549 482 3644 trivit,
536 3573 615 3626 et
666 3579 847 3628 cum
897 3556 1018 3630 his
1071 3558 1253 3657 ipsis
1295 3556 1862 3655 professoribus
1899 3572 1991 3622 §et
2041 3544 2311 3663 philo-
2357 3577 2372 3583 -

219 3653 480 3753 sophis
533 3655 749 3732 libris
799 3662 934 3733 vel
985 3659 1466 3734 carminibus
1502 3657 1847 3734 invicem
1878 3651 2106 3727 edins
2134 3673 2306 3723 cer·-

213 3752 445 3833 tavit.
545 3759 718 3833 Aet.
750 3759 1004 3859 Spar't.
1029 3765 1423 3835 Hadrian.
1480 3786 1546 3834 c.
1588 3756 1698 3839 15.
1800 3753 2022 3853 Quin
2068 3755 2307 3826 immo

211 3853 630 3934 Antonino
659 3861 916 3938 Getae
954 3860 1341 3939 familiare
1369 3865 1563 3959 fuit,
1624 3870 1765 3939 has
1803 3858 2306 3960 quaestiones
