2740 4661
1542 336 1558 365 ἱ

264 390 471 488 rius,
548 389 832 465 audito
899 390 1359 482 Carneade,
1433 389 2016 506 quamprimum
2069 395 2406 506 legatos*

263 516 403 566 eos
453 491 769 566 censuit
817 489 1364 606 dimittendos,
1413 492 1796 593 quoniam
1838 490 1979 564 illo
2021 492 2199 567 viro
2238 521 2369 569 ar-

258 613 833 707 gumentante,
896 593 1096 689 quid
1157 593 1330 670 veri
1397 615 1632 686 esset,
1691 597 1911 666 haud
1960 594 2193 669 facile
2246 595 2400 670 di·-⁴

265 719 534 770 scerm
582 716 868 811 posset..
968 694 1124 771 Sed
1171 694 1545 788 Romani,
1596 694 1741 768 etsi
1780 717 2044 770 cetera
2089 694 2373 772 litteris

272 801 602 887 darent,
660 794 789 869 alii
835 793 991 912 jus·
1008 796 1281 889 civile,
1329 797 1467 871 alii
1517 797 1905 872 orationes
1954 821 2169 890 suas,
2231 798 2373 871 alii

260 916 793 971 monumenta
837 895 1259 997 majorum,
1329 896 1921 998 philosophiam
1983 898 2371 1012 amplissi-

262 1023 473 1072 mam
531 997 884 1071 omnium
936 1021 1186 1079 artem
1236 1025 1382 1099 per
1431 1006 1766 1101 longum
1822 1021 2135 1096 tempus
2198 999 2408 1075 vita*
2451 1008 2454 1017 '

263 1099 515 1201 magis
569 1124 814 1197 quam
861 1099 1140 1176 litteris
1187 1104 1588 1216 persecuti
1639 1121 1882 1176 sunt«
1942 1103 2185 1176 Unde
2233 1101 2370 1174 Ci-
2411 1096 2416 1105 ²

263 1226 456 1277 cero
511 1202 775 1276 dicere
831 1210 1128 1300 potest,
1192 1202 1807 1307 philosophiam
1849 1198 2181 1299 jacuisse
2232 1227 2368 1278 us-

262 1326 431 1400 que
482 1308 589 1377 ad
638 1327 862 1377 suam
911 1325 1252 1383 aetatem
1301 1329 1456 1377 nec
1505 1308 1760 1376 ullum
1811 1304 2186 1378 habuisse
2220 1308 2367 1378 lu·
2467 1397 2472 1401 q

200 1428 201 1433 ’
259 1428 452 1477 men
515 1404 960 1478 litterarum
1023 1404 1533 1479 Latinarum.
1670 1405 1820 1478 Cic.
1894 1396 2107 1479 Tusc.
2170 1407 2254 1477 Ῑ.’
2301 1429 2369 1480 ιι.
2437 1416 2444 1427 “

268 1504 697 1599 Quantum
739 1530 937 1580 vero
986 1504 1226 1602 ipsius
1273 1504 1677 1579 Ciceronis
1719 1529 1925 1578 cura
1975 1526 2057 1576 et
2103 1499 2367 1578 studio

263 1604 620 1680 Romani
688 1604 777 1677 in
849 1605 1354 1720 philosophia
1423 1604 1946 1705 profecerint,
2027 1604 2176 1681 vix
2250 1626 2370 1679 est

264 1713 490 1804 quod
537 1707 902 1806 pluribus
953 1708 1435 1806 explicetur,
1513 1706 1915 1781 Ciceronis
1979 1704 2139 1803 ajo,
2224 1706 2371 1802 qui

262 1808 508 1921 ipsius
555 1808 1044 1907 reipublicae
1085 1835 1324 1884 causa
1363 1808 1954 1924 philosophiam
1980 1806 2367 1905 Romanis

260 1908 834 2011 explicandam
896 1914 1275 2008 putabat,
1353 1909 1624 2011 magni
1702 1909 2160 1984 existimans
2230 1909 2361 1981 in-

261 2034 553 2088 teresse
620 2015 724 2086 ad
787 2014 1026 2086 decus
1081 2034 1162 2085 et
1225 2015 1328 2085 ad
1393 2017 1712 2086 laudem
1765 2010 2161 2102 civitatis,
2234 2034 2360 2084 res
2464 2068 2490 2093 χ

260 2134 429 2186 tam
490 2136 772 2212 graves
848 2133 1173 2227 tamque
1230 2117 1683 2228 praeclaras
1745 2111 2061 2184 Latinis
2125 2109 2368 2186 etiam

256 2213 545 2291 litteris
597 2214 1029 2308 contineri3
1109 2214 1252 2310 qui
1300 2213 1765 2325 profitetur,
1838 2224 2009 2283 non
2057 2209 2364 2283 medio·-

257 2341 477 2390 crem
525 2341 578 2394 a
623 2314 883 2415 primo
933 2336 1292 2413 tempore
1344 2312 1623 2390 aetatis
1674 2338 1761 2386 ιιι
1808 2311 2067 2386 studio
2098 2309 2363 2409 philo-

258 2416 589 2517 sophiae
654 2439 978 2531 operam
1056 2439 1495 2512 curamque
1561 2440 1640 2489 se
1699 2412 2206 2504 consumsisse
2284 2433 2365 2486 et

261 2541 519 2614 quum
562 2516 890 2592 minime
941 2517 1157 2593 visus
1210 2518 1345 2608 sit,
1395 2539 1569 2591 tum
1616 2516 1958 2591 maxime
2002 2498 2362 2630 philos-off

255 2626 601 2731 phatum'
651 2645 849 2714 esse,
932 2617 1076 2721 qui
1142 2618 1495 2715 denique
1564 2617 2155 2716 philosophiam
2216 2615 2364 2691 sibi

226 2746 413 2820 ‚pro
475 2719 962 2818 reipublicae
1011 2720 1584 2821 procuratione
1648 2718 2152 2795 substitutam
2200 2741 2362 2791 esse

328 2824 647 2912 utabat,
734 2842 980 2916 atque
1031 2847 1112 2897 se
1160 2847 1330 2895 non
1381 2826 1619 2895 modo
1671 2825 1775 2894 ad
1824 2824 2203 2932 legendos
2252 2816 2361 2891 li-

260 2845 362 2999 gr
321 2947 448 2998 ros
502 2926 602 2994 de
652 2920 1162 3024 philosophia
1211 2921 1544 3021 scriptos
1596 2927 1731 2996 sed
1797 2944 2037 2995 etlam
2089 2923 2184 2991 ad
2235 2937 2365 2991 to·

258 3046 428 3100 tam
451 3021 1041 3140 philosophiam
1066 3026 1715 3122 pertractandam
1742 3026 2106 3113 dederat,
2158 3043 2366 3117 quo-

264 3125 488 3199 niam
539 3150 810 3204 omnes
859 3122 1021 3223 ejus
1064 3145 1324 3225 partes
1376 3145 1625 3221 atque
1686 3123 1954 3198 omnia
2007 3124 2366 3196 membra

259 3248 436 3302 tum
462 3226 837 3302 facillime
862 3249 1344 3320 noscuntur,
1396 3250 1642 3324 quum
1687 3245 1904 3300 totae
1957 3222 2360 3320 quaestio-

150 3417 161 3422 ‚
260 3352 441 3402 nes
456 3327 873 3404 scribendo
927 3327 1466 3427 explicantur.
1575 3328 1725 3399 Cic.
1767 3330 1860 3397 de
1905 3329 2088 3396 Nat
2125 3325 2362 3398 Deor.

176 3467 181 3470 ·
266 3433 336 3504 I
364 3443 440 3511 3.
472 3437 547 3513 Δ..
651 3434 779 3503 De
817 3432 1170 3507 Divinat
1213 3433 1325 3505 ΙΙ.
1365 3455 1429 3507 ι.
1521 3427 1803 3525 Quum
1851 3423 2094 3524 igitur
2143 3446 2361 3495 com-›-

244 3535 534 3630 plures
582 3532 1072 3610 Graecorum
1124 3530 1637 3643 philosophia
1661 3526 1940 3605 imbuti
1968 3548 2098 3614 ea,
2149 3546 2362 3621 quae

268 3632 748 3727 didicerant,
828 3655 1010 3710 cum
1077 3632 1382 3710 civibus
1435 3630 1590 3708 suis
1641 3651 1871 3708 antea
1920 3624 2365 3699 communi-
2467 3703 2470 3708 ,

188 3740 197 3746 ’
270 3751 449 3813 care
500 3759 671 3810 non
718 3755 1080 3836 possent,
1145 3739 1370 3834 quod
1418 3734 1595 3825 illa,
1674 3752 1885 3828 quae
1939 3755 1990 3805 a
2039 3724 2361 3807 Graecis
