2740 4661
1188 244 1385 345 Ἰ39

271 457 501 556 syxti
523 457 908 552 (Gothofr.
921 461 1120 532 vult:
1159 468 1498 560 porticus
1512 459 1736 560 Xysti
1759 460 1963 538 Tom.
1997 464 2094 536 V.
2072 488 2186 561 .p.
2203 468 2294 548 [ιι
2308 469 2365 549 .)

271 560 844 675 virginumque
902 562 1341 638 Vestalium
1360 617 1388 657 ,
1467 584 1671 667 quot
1731 562 2089 676 regiones
2149 563 2369 639 urbis

271 684 498 753 sunt,
578 662 913 737 totidem
985 666 1578 745 constituantur
1650 663 2056 743 archiatri
2202 665 2368 764 Qui

269 762 643 855 scientes,
744 765 1193 840 annonaria
1261 766 1409 842 sibi
1475 769 1891 843 commoda
1961 792 2058 840 a
2079 767 2369 865 populi

273 863 702 938 commodis
727 864 1187 961 ministrari,
1237 873 1568 963 honeste
1616 865 1952 963 obsequi
1980 868 2368 945 tenuiori-

274 968 420 1039 bus
468 965 791 1059 malint,
850 990 1096 1064 quam
1157 970 1501 1068 turpiter
1565 968 1859 1044 servire
1914 967 2053 1044 div
2055 967 2319 1044 itibus.
2322 973 2369 1012 ‘⁴

271 1067 452 1148 Jam
499 1091 696 1142 vero
743 1092 796 1140 a
846 1068 1338 1144 Gothofredo
1393 1070 1482 1145 ιιι
1530 1089 1954 1145 comment.
2000 1075 2107 1143 ad
2155 1076 2370 1145 hanc

272 1171 532 1282 legem
586 1171 789 1243 Tom,
846 1173 945 1244 V.
985 1199 1075 1267 p.
1126 1179 1254 1254 40·
1305 1197 1416 1268 sq.
1483 1198 1580 1244 ea
1641 1174 1960 1284 prolata
2019 1191 2137 1244 est
2184 1195 2366 1247 sen·

268 1268 564 1362 tentia,
644 1291 917 1342 omnes
978 1272 1322 1347 medicos
1385 1271 1706 1345 urbium
1766 1270 2170 1372 regiarum
2215 1296 2366 1371 ap-

268 1372 611 1469 pellatos
661 1394 824 1443 esse
874 1376 1345 1465 archiatros,
1428 1397 1703 1448 eorum
1762 1396 1958 1447 vero
2006 1377 2365 1447 nonnul-

266 1475 427 1569 los,
476 1493 559 1544 et
600 1469 914 1543 Romae
963 1472 1290 1569 quidem
1319 1471 1959 1569 quatuordecim,
2010 1472 2366 1572 exceptis

271 1590 545 1687 portus
617 1568 847 1669 Syxti
925 1574 1490 1674 virginumque
1566 1572 2047 1667 Vestalium,
2123 1576 2365 1650 fuisse

269 1673 709 1747 archiatros
765 1676 1320 1774 populares,
1439 1673 1605 1764 Qui
1661 1699 1860 1752 vero
1922 1674 2227 1753 fuerint
2281 1675 2370 1769 ιι,

268 1774 410 1872 qui
446 1774 538 1846 in
561 1773 915 1849 fontibus
941 1801 1044 1848 ex
1082 1777 1490 1851 archiatris
1524 1777 1938 1869 dicuntur,
1988 1781 2043 1854 l.
2076 1799 2147 1852 2.
2181 1779 2362 1852 Cod.

279 1879 416 1952 Th.
465 1878 627 1951 eod.
676 1878 732 1950 l.
783 1874 859 1950 6.
913 1878 993 1953 C.
1042 1880 1237 1955 Just.
1293 1884 1388 1951 de
1433 1882 1645 1976 prof
1691 1892 1767 1955 et
1815 1881 2012 1954 med.
2063 1874 2158 1954 X.
2211 1874 2366 1971 520,

267 1976 599 2051 omnino
635 1974 952 2052 silentio
988 1978 1539 2077 praetermisit.
1641 1976 2010 2094 Cujacius
2036 1931 2366 2079 q'uideni
2407 2078 2410 2081 Δ

176 2132 185 2145 .
264 2077 358 2151 ιιι
405 2091 787 2155 comment.
837 2082 947 2151 ad
995 2084 1049 2155 l.
1099 2081 1176 2153 6.
1221 2086 1386 2158 eod.
1434 2106 1538 2154 ex
1573 2081 2018 2155 archiatris
2041 2106 2170 2154 eos
2198 2106 2362 2156 esse

267 2179 498 2294 dicit,
547 2179 693 2277 qui
741 2179 1037 2269 dimissi
1079 2180 1238 2257 sint
1283 2208 1330 2255 e
1383 2179 1688 2278 palatio
1737 2179 1905 2256 sive
1955 2180 2364 2275 comitatu,

265 2280 497 2383 quasi
585 2279 725 2397 qui
807 2280 1188 2358 archiatri
1275 2279 1737 2382 simpliciter
1820 2265 2366 2400 appellantur,

262 2407 577 2482 semper
644 2383 733 2458 in
793 2385 1102 2484 palatio
1158 2406 1427 2460 artem
1494 2408 1713 2458 suam
1787 2385 2360 2458 exercuissent.

262 2485 468 2560 Mihi
512 2483 839 2582 quidem
884 2509 1153 2584 neque
1205 2483 1509 2586 Cujacii
1563 2508 1866 2584 neque
1888 2483 2363 2559 Gothofredi

263 2591 537 2702 placet
597 2588 1019 2664 sententia.
1075 2587 1335 2674 Νοιι.
1360 2606 1600 2686 pute,
1682 2611 1955 2663 omnes
2015 2587 2380 2660 medicos'

264 2688 591 2763 urbium
654 2689 1052 2803 regiarum
1128 2688 1554 2765 archiatros
1645 2692 2089 2804 appellatos
2172 2713 2360 2777 esse,
2451 2761 2452 2764 ,

264 2795 406 2867 sed
465 2790 622 2865 hoc
680 2790 951 2908 potius
1012 2793 1425 2890 probabile
1485 2789 1679 2863 mihi
1753 2790 2116 2882 videtur,
2187 2813 2361 2863 non

261 2890 420 2967 nisi
446 2911 771 2974 certum
812 2890 1138 2968 illorum
1183 2894 1671 2969 medicorum
1730 2915 2152 2966 numerum
2172 2945 2198 2977 ,
2278 2910 2361 2964 et

261 2963 574 3068 Romae
623 2992 949 3090 quidem
1006 3020 1108 3070 ex
1175 2993 1746 3070 constitutione
1801 2983 2362 3070 Valentiniani

257 3094 329 3172 1.
380 3093 719 3170 sedecim
764 3097 1110 3172 medicos
1160 3101 1304 3170 hac
1354 3093 1895 3212 appellatione
1944 3098 2359 3170 decoratos

263 3195 527 3272 fuisse.
666 3196 820 3273 Cui
892 3197 1331 3272 sententiae
1387 3197 1593 3270 illud
1667 3193 1759 3269 ni
1819 3196 2054 3272 fallor
2116 3218 2358 3294 argu-

263 3319 538 3372 mento
585 3320 740 3391 est,
786 3303 1010 3397 quod
1044 3300 1620 3375 archiatrorum
1660 3320 1974 3372 certum
1995 3317 2164 3368 erat
2195 3296 2355 3367 col-

262 3399 563 3513 legium
607 3425 793 3475 cum
844 3400 1121 3475 ordine
1152 3400 1485 3475 definito
1521 3395 2063 3486 successionis,
2110 3392 2175 3469 si
2212 3394 2359 3491 qui

182 3597 187 3602 ὁ
265 3524 353 3574 ιιι
392 3501 770 3580 archiatri
819 3501 1180 3576 defuncti
1230 3506 1497 3576 locum
1547 3501 2098 3608 aggregandus
2162 3518 2356 3585 erat,

266 3624 349 3675 et
388 3607 551 3678 huc
599 3603 948 3695 accedit,
1013 3611 1239 3703 quod
1296 3602 1724 3677 archiatria'
1786 3604 1948 3698 ipsa
2011 3595 2356 3700 dignitas

265 3726 807 3804 nuncupatur.
860 3708 961 3786 L.
990 3709 1064 3783 8.
1088 3731 1162 3805 9.
1186 3707 1266 3783 C.
1292 3707 1539 3798 Ihde
1565 3707 1760 3792 med.
1798 3715 1870 3771 et
1890 3700 2099 3797 prof.
2124 3701 2357 3797 Sym-

266 3807 520 3880 machi
547 3811 700 3913 Ep.
742 3804 838 3892 Χ.
862 3818 991 3906 4ο.
1093 3807 1333 3907 Quod
1359 3831 1550 3887 vero
1580 3803 1736 3909 jam
1758 3805 1866 3879 ad
1896 3825 2026 3881 eos
2048 3800 2357 3894 attinet,
