2740 4661
908 197 953 345 ,Ἀ
1370 252 1485 333 68

384 469 481 537 L.
534 464 608 538 6.
659 468 732 550 8.
784 468 854 562 §0
898 470 970 543 3.
1026 471 1145 543 D.
1189 464 1287 542 de
1333 496 1504 543 veut.
1539 472 1794 551 atexc‘.
1833 492 2030 538 mzm.
2083 469 2216 557 (L.
2267 461 2374 556 5.)
2425 464 2483 539 l.

380 572 574 641 unic.
626 568 709 643 C.
759 571 951 647 Just.
1016 574 1112 643 de
1169 597 1338 646 rac.
1379 572 1593 668 publ.
1647 592 1862 641 mun.
1898 572 2031 662 (Χ.
2078 565 2237 660 45.)
2283 569 2336 641 Ι.
2406 594 2483 644 3.

382 668 447 760 §.
503 693 575 740 2.
629 672 693 741 l.
736 673 858 746 33.
912 671 978 764 §.
1029 697 1104 768 7.
1161 673 1242 748 C.
1293 675 1362 747 J.
1420 677 1516 747 de
1566 673 1790 769 episc.
1840 683 1915 740 et
1965 672 2141 744 cler.
2195 673 2264 742 I.
2322 673 2395 745 3.

345 778 349 787 '
583 767 655 848 5.
713 772 1099 869 Denique
1160 779 1560 888 quaedam
1629 793 1815 844 sunt
1875 795 2207 844 munera
2283 797 2483 845 sor-

382 871 639 965 dida,
700 897 909 973 quae
961 896 1043 951 et
1090 875 1457 951 sordidae
1506 875 1995 963 functioneS,
2058 872 2249 946 vilia
2298 896 2485 945 11111·-

377 999 576 1047 nera
639 996 783 1046 aut
839 974 1271 1053 humiliora
1341 973 1613 1055 officia
1679 975 2155 1064 dicuntur,
2177 977 2319 1050 Tit.
2391 976 2481 1048 C.

277 1153 281 1157 .
332 1105 336 1109 ⁴
391 1078 526 1149 Th.
577 1079 670 1147 de
730 1081 1108 1149 extr-nord.
1165 1107 1227 1156 ε.
1280 1083 1484 1155 sord.
1536 1105 1736 1153 mun.
1788 1080 1935 1151 XI.
2002 1075 2113 1148 16.
2212 1080 2482 1149 Para·-

380 1178 525 1250 titl.
581 1179 651 1250 J.
710 1180 1057 1269 Gotlwfr.
1123 1182 1203 1255 Τ.
1254 1183 1406 1257 IV.
1445 1208 1533 1277 p.
1594 1179 1799 1261 11·.‚·6
1870 1174 2029 1251 alia
2077 1202 2272 1250 vero
2322 1182 2480 1250 ho·-

376 1277 788 1364 noratiora
831 1283 1279 1373 habentur,
1349 1281 1608 1358 veluti
1669 1261 1974 1367 omnia,
2058 1301 2269 1375 quae
2335 1283 2482 1353 de·-

378 1381 835 1456 ourionibus
872 1379 1446 1496 injunguntur,
1497 1404 1702 1478 quos
1748 1377 2300 1454 humilioribus
2351 1384 2482 1453 of·
2537 1398 2540 1401 ’

378 1482 578 1557 ficiis
629 1509 1009 1583 occupari
1073 1510 1247 1559 non
1311 1485 1525 1561 licet.
1624 1487 1726 1558 L.
1788 1499 1901 1579 17.
1955 1481 2048 1576 §.·
2076 1507 2150 1579 7.
2203 1484 2309 1555 D.
2365 1484 2476 1554 ad

306 1587 649 1658 'munia
714 1586 856 1679 (L.
922 1587 1023 1678 1.)
1092 1589 1147 1663 l.
1210 1592 1329 1670 14.
1382 1587 1463 1663 C.
1512 1587 1585 1658 J.
1643 1588 1736 1657 de
1810 1596 2152 1679 suscepi.
2200 1588 2301 1659 Χ.
2351 1607 2480 1680 70.

377 1684 599 1759 Vilia
644 1708 913 1777 31113111
939 1686 1080 1763 1113
1101 1713 1476 1776 munera,
1523 1684 1713 1760 lieet
1753 1684 2204 1798 corporalia
2234 1683 2482 1759 etiam

374 1786 533 1860 sint
580 1785 747 1861 sive
795 1786 1253 1884 personalia
1298 1812 1670 1879 munera,
1721 1811 1935 1884 quae
1971 1786 2474 1859 sordidorum

377 1886 933 1986 appellatione
977 1888 1506 1965 continentur
1513 1942 1543 1980 ,
1573 1892 1626 1964 l.
1676 1892 1743 1963 8.
1799 1889 1866 1985 ᾗ.
1913 1891 2132 1973 41).
2164 1893 2256 1961 de
2304 1914 2478 1962 vac.

377 2003 448 2059 et
477 2016 631 2061 exc.
661 2015 867 2067 mun.
907 1993 1008 2066 L.
1040 1988 1147 2083 5.
1195 1994 1440 2091 longe
1490 2001 1762 2065 tam'en
1808 1989 2234 2063 maximam
2281 2016 2476 2088 par-
2543 2030 2553 2038 J

371 2112 537 2163 tem
580 2090 669 2162 in
716 2116 1053 2169 numero
1093 2091 1917 2208 extraordinariorum
1957 2114 2144 2165 sunt
2183 2116 2471 2163 mune-

371 2218 588 2286 rum,
638 2217 852 2303 quae
901 2194 1399 2293 patrimoniis
1448 2195 1952 2284 indicuntur,
2000 2197 2103 2265 ob
2131 2215 2477 2288 eamque

316 2328 321 2336 “
375 2320 694 2371 causam
772 2294 864 2374 iis
937 2297 1282 2374 fontium
1354 2296 1589 2388 13313,
1668 2298 1955 2412 quibus
2033 2299 2132 2369 de
2205 2312 2472 2369 extra-
2581 2335 2591 2346 x

376 2397 796 2478 ordinariis
846 2396 1228 2497 ejus-modi
1277 2401 1735 2474 muneribus
1786 2398 2088 2511 agitur,
2137 2423 2472 2470 enume-

368 2522 681 2574 rantur·
784 2501 944 2575 Pro
1006 2502 1335 2577 sordidis
1401 2524 1669 2578 autem
1730 2497 2189 2606 muneribus
2254 2498 2472 2573 inter

372 2600 533 2678 alia
577 2605 982 2676 habentur
1032 2603 1266 2679 calcis
1318 2603 1710 2693 excoctio,
1792 2600 2235 2675 temonaria
2280 2603 2467 2676 fun-

373 2702 566 2794 ctio,
667 2702 1033 2780 carbonis
1074 2704 1527 2819 praebitio,
1610 2703 1926 2805 pistrini
1977 2702 2471 2816 obsequium,

366 2803 687 2883 viarum
733 2826 815 2881 et
861 2806 1231 2902 pontium
1281 2804 1770 2896 sollicitud0‚
1841 2803 2165 2904 pollinis
2218 2792 2470 2878 eonfi-

368 2903 638 2979 ciendi
661 2930 890 2993 cura,
941 2914 1528 3005 paravedorum
1558 2906 1950 3007 praebitio
1979 2928 2133 2981 etc.
2205 2910 2306 2981 L.
2343 2905 2461 2983 15.

380 3010 496 3084 18.
551 3010 634 3083 C.
697 3010 828 3082 Th.
885 3012 978 3082 de
1031 3014 1406 3086 extraord
1458 3038 1518 3086 s.
1570 3014 1767 3083 sord.
1830 3035 2029 3081 num.

566 3108 987 3188 Hactenus
1029 3116 1128 3184 de
1176 3111 1419 3192 variis
1447 3136 1885 3186 munerum
1912 3107 2327 3211 generibus
2369 3106 2461 3180 in

366 3208 833 3308 universum
906 3211 1208 3288 dietum
1260 3237 1429 3294 ¹-est
1555 3213 1709 3290 Sed
1774 3217 1996 3289 velut
2071 3227 2463 3286 summum

365 3338 660 3387 eorum
692 3337 943 3413 genus
992 3313 1076 3389 id
1125 3315 1325 3390 mihi..
1369 3343 1532 3391 esse
1581 3315 1939 3407 videtur,
2001 3313 2092 3385 in
2119 3337 2310 3414 quo
2337 3312 2465 3385 di·
2578 3355 2583 3378 ι

363 3415 921 3529 stinguuntur·
948 3412 1029 3488 et
1085 3420 1530 3518 personalia
1591 3444 2004 3507 munera,
2051 3436 2132 3489 et
2205 3414 2468 3514 patri-

362 3542 651 3608 monn,
700 3538 782 3590 et
819 3515 1093 3595 mixta.
1196 3521 1765 3595 lmalzbenbruch.
1790 3520 2167 3592 Doctrina
2199 3521 2462 3591 Pand-

364 3617 430 3712 §.
486 3616 656 3696 335.
754 3619 933 3701 Jam
982 3618 1224 3720 igitur
1258 3627 1357 3695 de
1409 3624 1559 3700 isto
1602 3645 2025 3695 munerum
2074 3617 2454 3694 discrimi-

360 3743 465 3791 ne
523 3726 803 3836 paullo
851 3723 1166 3821 plenius
1227 3724 1772 3800 disserendum
1834 3721 2009 3798 erit.
2111 3724 2462 3795 Perso-

361 3820 631 3896 nalia
681 3822 925 3950 igitur
973 3850 1308 3903 munera
1357 3849 1580 3927 sunt,
1630 3849 1841 3925 quae
1892 3824 2143 3908 animi
2179 3820 2459 3970 provi-
