2740 4661
1041 240 1096 284 „
1192 227 1313 303 49.

193 442 691 539 alimoniaes
739 443 795 518 ia
856 470 939 520 e.
991 446 1319 522 salaria
1354 466 1438 519 et
1499 469 1875 521 annonae
1938 453 2296 526 detracta

195 571 409 625 sunt.
532 553 629 620 V.
685 551 809 623 33.
904 548 1148 621 Idem
1192 571 1465 623 tamen
1529 548 1687 624 alio
1739 552 1918 624 loco
1991 553 2090 645 (Ι.
2135 556 2344 653 79.)’

193 672 478 726 auctor
531 671 679 740 est,
730 648 1213 723 Priscianum
1242 652 1570 724 fratrem
1600 674 1866 745 Βιιιιιιι,
1919 677 2100 735 cum
2129 655 2299 753 pri·-

188 753 383 827 mis
413 751 1135 850 philosophorumt
1173 751 1623 830 eruditione
1713 772 1796 826 et
1880 759 2298 829 honestate

197 859 682 928 censendum
688 902 765 945 ,-
796 852 1096 939 Senatu
1144 843 1529 941 Βοιιιειιιο
1593 875 1958 946 auctore,
2035 857 2301 932 salarii

195 960 726 1029 emolumenta
777 976 1290 1029 consecutum
1340 983 1543 1048 esse,
1594 957 1704 1045 sic
1730 975 2030 1047 tamen,
2082 979 2175 1030 ut
2211 957 2299 1031 id
2377 1040 2380 1047 ,

192 1084 249 1131 a
320 1057 737 1139 Praefecto
814 1044 1224 1131 Praetorio
1302 1060 1586 1132 Italiae
1659 1057 2319 1132 confirmandum

176 1138 422 1232 esset:
496 1154 689 1232 Sed*
745 1158 1097 1232 Romae
1122 1156 1457 1256 quidem
1511 1161 1872 1233 maxime
1950 1153 2299 1260 admissis

196 1258 637 1334 immodicis
660 1259 1285 1359 voluptatibus,
1301 1284 1572 1369 neque
1616 1261 1763 1333 fini
1811 1285 2082 1357 neque
2119 1288 2308 1335 mo-

199 1369 302 1434 do
366 1351 824 1457 luxuriosae
887 1365 1306 1460 superbiae
1376 1362 1782 1477 imposito,
1857 1362 2305 1439 litterarum

196 1465 462 1538 studia
515 1469 1073 1560 honestaeque
1135 1477 1342 1539 artes
1407 1464 1845 1577 paullatim
1909 1488 2015 1538 ex
2076 1466 2304 1538 Urbe
2402 1463 2406 1467 ’

196 1570 598 1661 exsulasse
616 1565 1034 1640 videntur.
1138 1566 1355 1658 „Pro
1387 1565 1895 1682 philosopho,
1944 1565 2308 1641 Ammia-

198 1692 351 1743 nus
399 1666 913 1741 Marcellinus
968 1662 1203 1767 XIV.
1229 1665 1296 1744 5.
1353 1672 1524 1759 ait,
1573 1690 1859 1742 cantor
1909 1689 1990 1742 et
2035 1668 2130 1741 ιιι
2179 1673 2304 1743 lo·-

201 1786 401 1842 cum
426 1767 811 1842 oratoris·
798 1772 1119 1842 doctor
1175 1768 1472 1844 artium
1526 1770 2025 1844 ludicrarum
2089 1770 2311 1845 acci-

202 1887 372 1944 tur-t
444 1893 525 1944 et
588 1868 1089 1946 bibliothecis
1153 1877 1701 1972 sepulcrorum
1765 1872 1933 1945 ritu
1963 1872 2070 1944 in
2119 1896 2307 1971 per-

172 1960 534 2074 ‘petuum
587 1968 910 2064 clausis,
982 1996 1284 2073 organa
1332 1974 1833 2048 fabricantur
1882 1973 2310 2071 hydrauli-
2405 2057 2410 2062 .

206 2100 302 2149 ca
352 2098 453 2148 et
473 2079 704 2170 lyrae
754 2079 859 2148 ad
908 2076 1251 2172 speciem
1303 2097 1876 2188 carpentorum
1925 2077 2315 2175 ingenteS‚

205 2178 613 2272 tibiaeque
665 2196 746 2257 et
797 2174 1240 2250 histrionici
1285 2199 1548 2277 gestus
1577 2176 2111 2250 instrumenta
2142 2202 2314 2248 non

205 2279 475 2368 leviat·
512 2280 968 2352 Postremo
1037 2283 1143 2353 ad
1213 2278 1297 2351 id
1359 2277 1892 2394 indignitatis
1927 2300 2046 2352 est
2111 2303 2314 2352 ven-

207 2405 419 2473 tum,
485 2401 581 2453 ut
629 2403 891 2495 quum
928 2380 1332 2481 peregrini
1382 2385 1488 2455 ob
1535 2379 2044 2454 formidatam
2093 2382 2317 2454 haud

203 2485 324 2559 ita
390 2489 696 2558 dudum
763 2482 1329 2556 alimentorum
1395 2482 1764 2596 inopiam
1814 2487 2316 2579 pellerentur

204 2591 308 2661 ab
377 2587 611 2659 Urbe
680 2580 1201 2699 praecipites,
1292 2582 1955 2659 sectatoribus
2024 2583 2319 2656 disci-

205 2688 699 2804 plinarum
764 2684 1332 2760 liberalium
1386 2684 1902 2798 impendio
1977 2686 2320 2784 paucis

209 2790 422 2867 sine
495 2780 1164 2887 respiratione
1238 2789 1445 2861 uLla
1521 2785 1994 2878 extrusis,
2095 2808 2324 2860 tene-

204 2914 490 2967 rentur
519 2889 936 2969 mimarum
968 2893 1314 2965 asseclae
1343 2887 1517 2964 veri
1567 2887 1817 2985 quive
1867 2890 1950 2960 id
1989 2887 2320 2962 simula-

175 3002 405 3068 runt
457 2981 553 3066 ad
594 3007 948 3093 tempus:
1015 3012 1097 3065 et
1154 2990 1312 3066 tria
1359 2975 1652 3063 millia
1676 2991 2170 3064 saltatricum
2217 3014 2324 3061 ne

210 3096 730 3200 interpellata
780 3094 1106 3191 quidem
1145 3115 1328 3170 cum
1367 3092 1628 3167 choris
1660 3091 2161 3190 totidemque
2200 3116 2327 3167 re·
2359 3095 2367 3104 '

142 3253 147 3264 ,
209 3220 636 3274 manerent
682 3195 1098 3299 magistris.
1110 3198 1161 3240 ‘⁶

124 3485 131 3492 ,
419 3398 602 3490 Jam
649 3426 846 3478 vero
896 3421 1162 3499 pauca
1212 3398 1415 3473 haec
1465 3385 1872 3473 sufficiant
1917 3394 2329 3512 exempla,

214 3502 509 3602 quibus
538 3506 778 3602 plura
815 3501 1055 3578 facile
1100 3501 1290 3576 addi
1324 3501 1682 3618 possint,
1722 3497 2063 3574 maxime
2104 3494 2166 3568 si
2200 3495 2334 3569 cui

216 3607 607 3706 placeat,
629 3629 802 3679 nou
854 3608 1110 3680 solum
1146 3608 1273 3677 de
1313 3602 1707 3682 universis
1733 3599 2142 3712 ordinibus
2196 3600 2334 3672 sed

220 3713 331 3781 de
382 3707 741 3808 singulis
744 3729 1076 3805 quoque
1099 3708 1705 3808 professos-musi,
1757 3700 2116 3801 inprimis
2150 3698 2340 3800 phi-

221 3813 617 3912 Iosophis‚
677 3815 893 3886 male
947 3829 1031 3916 et
1078 3811 1602 3888 inclementer
1648 3808 2146 3918 quandoque
2197 3806 2343 3875 ha·-

1872 3917 1925 3992 4
